name,ttm,12/31/2019,12/31/2018,12/31/2017,12/31/2016,12/31/2015,12/31/2014,12/31/2013,12/31/2012,12/31/2011,12/31/2010,12/31/2009,12/31/2008,12/31/2007,12/31/2006,12/31/2005
TotalRevenue,"31,906,000,000","32,927,000,000","33,039,000,000","46,073,000,000","44,089,000,000","77,532,000,000","71,912,000,000","80,236,000,000","60,624,000,000","47,913,000,000","44,809,000,000","39,004,000,000","35,982,000,000","36,766,000,000","38,005,000,000","33,069,000,000"
	NetInterestIncome,,"11,185,000,000","11,019,000,000","10,416,000,000","9,467,000,000","9,306,000,000","9,999,000,000","10,090,000,000","11,312,000,000","12,207,000,000","11,970,000,000","11,635,000,000","7,948,000,000","2,502,000,000","3,112,000,000","4,445,000,000"
		InterestIncome,,"23,712,000,000","22,678,000,000","23,679,000,000","24,660,000,000","25,431,000,000","24,532,000,000","27,271,000,000","29,904,000,000","32,389,000,000","28,294,000,000","30,545,000,000","40,188,000,000","38,093,000,000","30,056,000,000","21,101,000,000"
		InterestExpense,,"12,527,000,000","11,659,000,000","13,263,000,000","15,193,000,000","16,125,000,000","14,533,000,000","17,181,000,000","18,592,000,000","20,182,000,000","16,324,000,000","18,910,000,000","32,240,000,000","35,591,000,000","26,944,000,000","16,656,000,000"
	NonInterestIncome,"20,721,000,000","21,742,000,000","22,020,000,000","35,657,000,000","34,622,000,000","68,226,000,000","61,913,000,000","70,146,000,000","49,312,000,000","35,706,000,000","32,839,000,000","27,369,000,000","28,034,000,000","34,264,000,000","34,893,000,000","28,624,000,000"
		TotalPremiumsEarned,,"1,925,000,000","1,724,000,000","12,346,000,000","11,685,000,000","11,556,000,000","12,440,000,000","12,551,000,000","11,591,000,000",,,,,,,
		FeesAndCommissions,,"5,257,000,000","5,524,000,000","6,823,000,000","6,699,000,000","6,678,000,000","6,475,000,000","6,507,000,000","6,977,000,000","7,179,000,000","7,485,000,000","7,812,000,000","7,415,000,000","7,528,000,000","6,853,000,000","6,082,000,000"
			FeesandCommissionIncome,,"9,068,000,000","9,124,000,000","10,504,000,000","10,116,000,000","10,144,000,000","9,159,000,000","9,056,000,000","9,515,000,000","9,898,000,000","10,038,000,000","10,445,000,000","10,505,000,000","10,745,000,000","9,242,000,000","8,004,000,000"
			FeesandCommissionExpense,,"3,811,000,000","3,600,000,000","3,681,000,000","3,417,000,000","3,466,000,000","2,684,000,000","2,549,000,000","2,538,000,000","2,719,000,000","2,553,000,000","2,633,000,000","3,090,000,000","3,217,000,000","2,389,000,000","1,922,000,000"
		DividendIncome,,,,,"460,000,000","722,000,000","432,000,000","467,000,000","314,000,000","420,000,000","318,000,000","329,000,000","466,000,000","400,000,000","293,000,000","256,000,000"
IncomefromAssociatesandOtherParticipatingInterests,,"-129,000,000","56,000,000","92,000,000","129,000,000","231,000,000","213,000,000","153,000,000","154,000,000","94,000,000","119,000,000","15,000,000","-8,000,000","44,000,000","18,000,000","19,000,000"
SpecialIncomeCharges,,,"0","279,000,000","-212,000,000","197,000,000","-416,000,000","525,000,000","-1,349,000,000","-253,000,000","12,000,000",,,,,
	OtherSpecialCharges,,,,"-278,000,000","212,000,000","-197,000,000","-109,000,000","-575,000,000","507,000,000","-12,000,000","-11,000,000",,,,,
OtherNonOperatingIncomeExpenses,,,,,,,,,,,,"684,000,000","333,000,000","40,000,000","25,000,000","125,000,000"
PretaxIncome,"3,897,000,000","5,210,000,000","6,117,000,000","5,138,000,000","6,307,000,000","6,109,000,000","4,375,000,000","3,058,000,000","1,542,000,000","4,111,000,000","5,844,000,000","800,000,000","4,008,000,000","1,886,000,000","8,078,000,000","6,706,000,000"
TaxProvision,"963,000,000","1,264,000,000","1,561,000,000","1,708,000,000","1,969,000,000","1,714,000,000","1,384,000,000","533,000,000","334,000,000","1,323,000,000","1,542,000,000","-308,000,000","1,235,000,000","282,000,000","2,293,000,000","1,790,000,000"
NetIncomeCommonStockholders,"1,365,000,000","2,536,000,000","3,402,000,000","2,340,000,000","3,402,000,000","3,559,000,000","2,278,000,000","1,840,000,000","483,000,000","2,363,000,000","3,581,000,000","678,000,000","2,010,000,000","947,000,000","5,221,000,000","4,402,000,000"
	NetIncome,"2,236,000,000","3,248,000,000","3,864,000,000","2,806,000,000","3,874,000,000","4,001,000,000","2,692,000,000","2,175,000,000","774,000,000","2,385,000,000","3,917,000,000","1,108,000,000","2,773,000,000","1,604,000,000","5,785,000,000","4,916,000,000"
		NetIncomeIncludingNoncontrollingInterests,"2,934,000,000","3,946,000,000","4,556,000,000","3,430,000,000","4,338,000,000","4,395,000,000","2,991,000,000","2,525,000,000","1,208,000,000","2,788,000,000","4,302,000,000","678,000,000","2,010,000,000","947,000,000","5,221,000,000","4,402,000,000"
			NetIncomeContinuousOperations,"2,934,000,000","3,946,000,000","4,556,000,000","3,430,000,000","4,338,000,000","4,395,000,000","2,991,000,000","2,525,000,000","1,208,000,000","2,788,000,000","4,302,000,000","678,000,000","2,010,000,000","947,000,000","5,221,000,000","4,402,000,000"
		MinorityInterests,,"-698,000,000","-692,000,000","-624,000,000","-464,000,000","-394,000,000","-299,000,000","-350,000,000","-434,000,000","-403,000,000","-385,000,000","430,000,000","763,000,000","657,000,000","564,000,000","514,000,000"
DilutedNIAvailtoComStockholders,"1,365,000,000","2,536,000,000","3,402,000,000","2,340,000,000","3,402,000,000","3,559,000,000","2,278,000,000","1,840,000,000","483,000,000","2,363,000,000","3,581,000,000","678,000,000","2,010,000,000","947,000,000","5,221,000,000","4,402,000,000"
BasicEPS,,"3.05","4.24","2.92","4.26","4.49","2.92","2.4","0.64","3.2","4.96","0.45","3.204","1.769","11.016","9.56"
DilutedEPS,,"3.05","4.24","2.92","4.26","4.49","2.91","2.4","0.64","3.18","4.94","0.45","3.185","1.751","10.864","9.479"
BasicAverageShares,,"829,901,725","801,909,473","800,596,132","798,767,869","792,503,322","781,283,039","766,489,330","751,736,154","739,383,366","721,724,753","624,488,571","570,037,686","487,754,632","470,272,156","457,014,050"
DilutedAverageShares,,"829,901,725","801,909,473","800,596,182","798,787,023","792,603,779","781,456,698","766,828,625","752,759,699","742,107,361","725,161,665","626,821,026","573,241,333","494,313,709","476,678,897","461,756,898"
RentExpenseSupplemental,,"353,000,000","752,000,000",,,,,,,,,,,,,
NetIncomeFromContinuingAndDiscontinuedOperation,"2,236,000,000","3,248,000,000","3,864,000,000","2,806,000,000","3,874,000,000","4,001,000,000","2,692,000,000","2,175,000,000","774,000,000","2,385,000,000","3,917,000,000","1,108,000,000","2,773,000,000","1,604,000,000","5,785,000,000","4,916,000,000"
NormalizedIncome,"2,236,000,000","3,248,000,000","3,864,000,000","2,620,581,000","4,018,456,800","3,861,464,900","3,510,196,800","1,794,657,500","2,763,054,700","2,821,579,664.315","3,907,166,324.435","1,108,000,000","2,773,000,000","1,604,000,000","5,785,000,000","4,916,000,000"
ReconciledDepreciation,,"5,181,000,000","4,589,000,000","4,283,000,000","3,876,000,000","3,597,000,000","3,421,000,000","3,358,000,000","3,262,000,000","3,131,000,000","2,910,000,000","12,896,000,000","2,649,000,000","7,503,000,000","10,023,000,000","9,069,000,000"
NetIncomeFromContinuingOperationNetMinorityInterest,"2,236,000,000","3,248,000,000","3,864,000,000","2,806,000,000","3,874,000,000","4,001,000,000","2,692,000,000","2,175,000,000","774,000,000","2,385,000,000","3,917,000,000","1,108,000,000","2,773,000,000","1,604,000,000","5,785,000,000","4,916,000,000"
TotalUnusualItemsExcludingGoodwill,,,"0","279,000,000","-212,000,000","197,000,000","-416,000,000","525,000,000","-1,349,000,000","-253,000,000","12,000,000",,,,,
TotalUnusualItems,,,"0","279,000,000","-212,000,000","197,000,000","-416,000,000","525,000,000","-1,349,000,000","-253,000,000","12,000,000",,,,,
TaxRateForCalcs,"0.247","0.237","0.255","0.339","0.319","0.292","0.295","0.18","0.15","0.322","0.264","0.333","0.308","0.15","0.284","0.267"
TaxEffectOfUnusualItems,"0","0","0","94,581,000","-67,543,200","57,464,900","-122,803,200","94,657,500","-201,945,300","-81,420,335.685","3,166,324.435","0","0","0","0","0"