name,ttm,12/31/2019,12/31/2018,12/31/2017,12/31/2016,12/31/2015,12/31/2014,12/31/2013,12/31/2012,12/31/2011,12/31/2010,12/31/2009,12/31/2008,12/31/2007,12/31/2006,12/31/2005,12/31/2004,12/31/2003,12/31/2002,12/31/2001,12/31/2000,12/31/1999,12/31/1998,12/31/1997,12/31/1996,12/31/1995,12/31/1994,12/31/1993,12/31/1992,12/31/1991
TotalRevenue,"16,096,200,000","16,088,900,000","15,787,400,000","15,940,700,000","14,570,600,000","15,071,000,000","13,062,300,000","8,677,600,000","5,914,900,000","4,584,400,000","3,566,900,000","2,793,000,000","2,535,501,000","2,496,651,000","1,979,244,000","1,646,203,000","1,640,551,000","1,457,722,000","1,223,198,000","1,160,676,000","811,524,000","689,200,000","556,100,000","338,300,000","194,100,000","130,700,000","87,100,000","67,500,000","34,700,000","29,500,000"
CostOfRevenue,"2,618,400,000","2,493,100,000","2,191,400,000","2,168,000,000","1,860,800,000","4,810,400,000","6,303,800,000","4,690,700,000","3,390,400,000","2,564,900,000","1,998,500,000","1,596,800,000","1,502,822,000","1,504,756,000","1,233,483,000","852,414,000","820,794,000","624,651,000","545,625,000","508,534,000","355,587,000","216,600,000","199,900,000","117,700,000","69,800,000","58,700,000","37,600,000","30,500,000","17,700,000","16,500,000"
GrossProfit,"13,477,800,000","13,595,800,000","13,596,000,000","13,772,700,000","12,709,800,000","10,260,600,000","6,758,500,000","3,986,900,000","2,524,500,000","2,019,500,000","1,568,400,000","1,196,200,000","1,032,679,000","991,895,000","745,761,000","793,789,000","819,757,000","833,071,000","677,573,000","652,142,000","455,937,000","472,600,000","356,200,000","220,600,000","124,300,000","72,000,000","49,500,000","37,000,000","17,000,000","13,000,000"
OperatingExpense,"13,885,200,000","13,612,100,000","13,340,300,000","14,313,900,000","13,786,400,000","12,491,500,000","7,276,600,000","3,507,400,000","2,054,200,000","1,483,300,000","1,263,000,000","812,300,000","674,551,000","736,235,000","670,057,000","575,277,000","553,817,000","494,158,000","408,209,000","550,823,000","300,355,000","214,700,000","150,500,000","83,600,000","41,600,000","41,900,000","20,600,000","17,400,000","10,500,000","9,000,000"
	ResearchAndDevelopment,"1,807,000,000","1,812,000,000","2,266,200,000","2,100,100,000","2,575,700,000","2,358,500,000","1,085,900,000","616,900,000","401,800,000","295,400,000","296,100,000","197,300,000","170,122,000","144,793,000","131,023,000","125,263,000","134,221,000","102,083,000","81,617,000","63,517,000","67,294,000","49,300,000","30,800,000","18,100,000","16,500,000","18,600,000","11,100,000",,,
	SellingGeneralAndAdministration,"6,204,600,000","5,943,500,000","4,521,800,000","5,016,700,000","4,740,300,000","4,679,600,000","3,593,200,000","2,047,800,000","1,171,300,000","754,900,000","756,100,000","520,200,000","423,428,000","421,151,000","305,060,000","260,999,000","301,209,000","320,201,000","235,088,000","210,002,000","161,652,000","121,400,000","88,400,000","50,900,000","17,900,000","17,000,000","5,700,000","15,200,000","8,900,000","7,800,000"
	OperatingExpense,"13,885,200,000","13,612,100,000","13,340,300,000","14,313,900,000","13,786,400,000","12,491,500,000","7,276,600,000","3,507,400,000","2,054,200,000","1,483,300,000","1,263,000,000","812,300,000","674,551,000","736,235,000","670,057,000","575,277,000","553,817,000","494,158,000","408,209,000","550,823,000","300,355,000","214,700,000","150,500,000","83,600,000","41,600,000","41,900,000","20,600,000","17,400,000","10,500,000","9,000,000"
OperatingIncome,"-407,400,000","-16,300,000","255,700,000","-541,200,000","-1,076,600,000","-2,230,900,000","-518,100,000","479,500,000","470,300,000","536,200,000","305,400,000","383,900,000","358,128,000","255,660,000","75,704,000","218,512,000","265,940,000","338,913,000","269,364,000","101,319,000","155,582,000","257,900,000","205,700,000","137,000,000","82,700,000","30,100,000","28,900,000","19,600,000","6,500,000","4,000,000"
InterestExpense,"765,700,000","783,000,000","911,200,000","1,095,600,000","1,295,600,000","1,193,300,000","411,800,000","239,800,000","116,700,000","81,800,000","84,100,000","34,200,000","28,184,000",,,,,,,,,,,,,,,,,
OtherIncomeExpense,"-3,034,200,000","-4,396,200,000","-6,246,600,000","-8,817,300,000","-529,700,000","-752,500,000","-717,500,000","-882,900,000","-73,900,000","-500,000","27,700,000","7,900,000","19,314,000","10,329,000","-563,253,000","-28,969,000","-68,448,000","-499,000","-4,273,000","-79,855,000","208,750,000","21,200,000","400,000","7,600,000","26,500,000","42,600,000","1,600,000","800,000",,"-600,000"
PretaxIncome,"-4,130,600,000","-5,118,700,000","-6,856,900,000","-10,386,400,000","-2,832,000,000","-4,430,200,000","-1,712,100,000","-638,400,000","245,100,000","456,000,000","250,600,000","362,600,000","358,313,000","224,284,000","-410,949,000","219,416,000","236,878,000","318,112,000","279,090,000","198,952,000","355,402,000","272,600,000","199,000,000","144,600,000","109,200,000","72,800,000","30,000,000","20,100,000","6,000,000","3,000,000"
TaxProvision,"-1,651,800,000","146,400,000","-1,770,700,000","-6,670,400,000","-1,897,000,000","-1,561,900,000","-81,900,000","112,700,000","146,800,000","196,900,000","67,300,000","140,600,000","119,934,000","83,254,000","34,056,000","81,183,000","85,545,000","115,248,000","103,294,000","82,591,000","184,678,000","93,700,000","78,200,000","54,400,000","35,900,000","24,900,000","11,300,000","7,900,000","2,400,000","1,400,000"
NetIncomeContinuousOperations,"-2,478,800,000","-5,265,100,000","-5,086,200,000","-3,716,000,000","-935,000,000","-2,868,300,000","-1,630,200,000","-751,100,000","98,300,000","259,100,000","183,300,000","222,000,000","238,379,000","141,030,000","-445,005,000","138,233,000","151,333,000","202,864,000","175,796,000","116,361,000","170,724,000","178,900,000","120,800,000","90,200,000","73,300,000","47,900,000","18,700,000","12,200,000","3,600,000","1,600,000"
NetIncome,"-2,485,000,000","-5,271,000,000","-5,096,400,000","-4,125,500,000","14,973,400,000","3,915,200,000","-1,630,500,000","-750,400,000","97,300,000","260,900,000","184,400,000","222,000,000","238,379,000","141,030,000","-445,005,000","138,233,000","151,333,000","202,864,000","175,796,000","116,361,000","157,495,000","178,900,000","120,800,000","90,200,000","73,300,000","47,900,000","18,700,000","12,200,000","3,600,000","1,600,000"
NetIncomeCommonStockholders,"-2,485,000,000","-5,271,000,000","-5,142,800,000","-4,403,900,000","14,695,000,000","3,683,200,000","-1,630,500,000","-750,400,000","97,300,000","260,900,000","184,400,000","222,000,000","238,379,000","141,030,000","-445,005,000","138,233,000","151,333,000","202,864,000","175,796,000","116,361,000","157,495,000","178,900,000","120,800,000","90,200,000","73,300,000","47,900,000","18,700,000","12,200,000","3,600,000","1,600,000"
BasicEPS,,,"-15.26","-13.19","38.18","10.01","-7.42","-5.27","0.77","2.1","1.507","1.799","2.279","1.38","-4.37","1.32","1.39","1.89","1.65","1.1","1.55","1.87","1.36","1.04","0.975","0.645","0.45","0.6","0.13","0.06"
DilutedEPS,,,"-15.26","-13.19","38.18","10.01","-7.42","-5.27","0.76","2.06","1.48","1.799","2.09","1.27","-4.37","1.21","1.27","1.86","1.64","1.07","1.52","1.83","1.32","1.01","0.975","0.645","0.44","0.59","0.13","0.06"
BasicAverageShares,,,"337,000,000","333,800,000","384,900,000","367,800,000","219,700,000","142,300,000","125,800,000","124,500,000","122,400,000","103,400,000","102,749,000","102,273,000","101,761,000","104,949,000","109,174,000","107,488,000","106,675,000","106,130,000","101,430,000","95,760,000","89,078,000","86,991,000","75,328,000","74,286,000","41,555,556","31,851,852","27,692,308","26,666,667"
DilutedAverageShares,,,"337,000,000","333,800,000","384,900,000","367,800,000","219,700,000","142,300,000","128,400,000","126,500,000","124,200,000","116,400,000","117,723,000","117,039,000","101,761,000","120,021,000","124,727,000","108,927,000","107,367,000","108,340,000","103,575,000","97,780,000","91,593,000","89,325,000","82,461,538","74,286,000","42,500,000","31,851,852","27,692,308","26,666,667"
Ebitda,,"1,856,300,000","802,900,000","-1,922,200,000","5,094,600,000","2,758,400,000","1,528,100,000","646,100,000","940,400,000","985,700,000","616,600,000","585,800,000","557,234,000","509,219,000","294,050,000","425,238,000","372,606,000","439,265,000","355,940,000","202,544,000","226,991,000","301,900,000","237,000,000","151,600,000","89,900,000","36,400,000","32,700,000","21,800,000","8,100,000","5,200,000"