name,ttm,12/31/2019,12/31/2018,12/31/2017,12/31/2016,12/31/2015,12/31/2014,12/31/2013,12/31/2012,12/31/2011,12/31/2010,12/31/2009,12/31/2008,12/31/2007,12/31/2006,12/31/2005,12/31/2004,12/31/2003,12/31/2002,12/31/2001,12/31/2000,12/31/1999,12/31/1998,12/31/1997,12/31/1996,12/31/1995,12/31/1994,12/31/1993,12/31/1992,12/31/1991,12/31/1990,12/31/1989,12/31/1988,12/31/1987,12/31/1986,12/31/1985
TotalRevenue,"80,503,000,000","82,059,000,000","81,581,000,000","76,450,000,000","71,890,000,000","70,074,000,000","74,331,000,000","71,312,000,000","67,224,000,000","65,030,000,000","61,587,000,000","61,897,000,000","63,747,000,000","61,095,000,000","53,324,000,000","50,514,000,000","47,348,000,000","41,862,000,000","36,298,000,000","33,004,000,000","29,139,000,000","27,471,000,000","23,657,000,000","22,629,000,000","21,620,000,000","18,842,000,000","15,734,000,000","14,138,000,000","13,753,000,000","12,447,000,000","11,232,000,000","9,757,000,000","9,000,000,000","8,012,000,000","7,002,900,000","6,421,300,000"
CostOfRevenue,"27,642,000,000","27,556,000,000","27,091,000,000","25,354,000,000","21,685,000,000","21,536,000,000","22,746,000,000","22,342,000,000","21,658,000,000","20,360,000,000","18,792,000,000","18,447,000,000","18,511,000,000","17,751,000,000","15,057,000,000","13,954,000,000","13,422,000,000","12,176,000,000","10,447,000,000","9,536,000,000","7,346,000,000","6,998,000,000","6,190,000,000","6,085,000,000","6,009,000,000","5,378,000,000","4,575,000,000","4,174,000,000","4,118,000,000","3,711,000,000","3,463,000,000","3,066,000,000","2,901,000,000","2,602,000,000","2,354,900,000","2,343,700,000"
GrossProfit,"52,861,000,000","54,503,000,000","54,490,000,000","51,096,000,000","50,205,000,000","48,538,000,000","51,585,000,000","48,970,000,000","45,566,000,000","44,670,000,000","42,795,000,000","43,450,000,000","45,236,000,000","43,344,000,000","38,267,000,000","36,560,000,000","33,926,000,000","29,686,000,000","25,851,000,000","23,468,000,000","21,793,000,000","20,473,000,000","17,467,000,000","16,544,000,000","15,611,000,000","13,464,000,000","11,159,000,000","9,964,000,000","9,635,000,000","8,736,000,000","7,769,000,000","6,691,000,000","6,099,000,000","5,410,000,000","4,648,000,000","4,077,600,000"
OperatingExpense,"32,733,000,000","34,423,000,000","34,441,000,000","32,382,000,000","29,069,000,000","30,473,000,000","30,626,000,000","30,593,000,000","29,697,000,000","28,517,000,000","26,268,000,000","26,787,000,000","29,067,000,000","28,131,000,000","24,558,000,000","23,189,000,000","21,063,000,000","18,815,000,000","16,173,000,000","15,583,000,000","15,316,000,000","14,547,000,000","12,422,000,000","11,922,000,000","11,308,000,000","9,953,000,000","8,352,000,000","7,570,000,000","7,358,000,000","6,572,000,000","5,777,000,000","5,030,000,000","4,695,000,000","4,201,000,000","3,664,400,000","3,237,600,000"
	ResearchAndDevelopment,"11,124,000,000","12,245,000,000","11,901,000,000","10,962,000,000","9,124,000,000","9,270,000,000","8,672,000,000","8,763,000,000","8,828,000,000","7,548,000,000","6,844,000,000","6,986,000,000","7,577,000,000","7,680,000,000","7,125,000,000","6,312,000,000","5,203,000,000","4,684,000,000","3,957,000,000","3,591,000,000","2,926,000,000","2,600,000,000","2,269,000,000","2,140,000,000",,,"1,278,000,000",,,,,,,,,
	SellingGeneralAndAdministration,"21,609,000,000","22,178,000,000","22,540,000,000","21,420,000,000","19,945,000,000","21,203,000,000","21,954,000,000","21,830,000,000","20,869,000,000","20,969,000,000","19,424,000,000","19,801,000,000","21,490,000,000","20,451,000,000","17,433,000,000","16,877,000,000","15,860,000,000","14,131,000,000","12,216,000,000","11,992,000,000","10,875,000,000","10,503,000,000","8,907,000,000","8,715,000,000","10,299,000,000","9,096,000,000","6,350,000,000","6,953,000,000","6,798,000,000","6,079,000,000","5,303,000,000","4,616,000,000","4,304,000,000","3,845,000,000","3,389,200,000","2,987,100,000"
	OperatingExpense,"32,733,000,000","34,423,000,000","34,441,000,000","32,382,000,000","29,069,000,000","30,473,000,000","30,626,000,000","30,593,000,000","29,697,000,000","28,517,000,000","26,268,000,000","26,787,000,000","29,067,000,000","28,131,000,000","24,558,000,000","23,189,000,000","21,063,000,000","18,815,000,000","16,173,000,000","15,583,000,000","15,316,000,000","14,547,000,000","12,422,000,000","11,922,000,000","11,308,000,000","9,953,000,000","8,352,000,000","7,570,000,000","7,358,000,000","6,572,000,000","5,777,000,000","5,030,000,000","4,695,000,000","4,201,000,000","3,664,400,000","3,237,600,000"
OperatingIncome,"20,128,000,000","20,080,000,000","20,049,000,000","18,714,000,000","21,136,000,000","18,065,000,000","20,959,000,000","18,377,000,000","15,869,000,000","16,153,000,000","16,527,000,000","16,663,000,000","16,169,000,000","15,213,000,000","13,709,000,000","13,371,000,000","12,863,000,000","10,871,000,000","9,678,000,000","7,885,000,000","6,477,000,000","5,926,000,000","5,045,000,000","4,622,000,000","4,303,000,000","3,511,000,000","2,807,000,000","2,394,000,000","2,277,000,000","2,164,000,000","1,992,000,000","1,661,000,000","1,404,000,000","1,209,000,000","983,600,000","840,000,000"
InterestExpense,"203,000,000","318,000,000","1,005,000,000","934,000,000","726,000,000","552,000,000","533,000,000","482,000,000","532,000,000","571,000,000","455,000,000","451,000,000","435,000,000",,,,,,,,,,,,,,,,,,,,,,,
OtherIncomeExpense,"-3,917,000,000","-2,791,000,000","-1,656,000,000","-492,000,000","-975,000,000","1,555,000,000","70,000,000","-2,498,000,000","-1,626,000,000","-3,312,000,000","768,000,000","-547,000,000","834,000,000","-2,086,000,000","112,000,000","-148,000,000","-33,000,000","-533,000,000","-483,000,000","-290,000,000","-88,000,000","-222,000,000","-666,000,000","74,000,000","-145,000,000","-51,000,000","-44,000,000","80,000,000","54,000,000","3,000,000","-168,000,000","-6,000,000","96,000,000","100,000,000","-527,200,000","105,100,000"
PretaxIncome,"16,314,000,000","17,328,000,000","17,999,000,000","17,673,000,000","19,803,000,000","19,196,000,000","20,563,000,000","15,471,000,000","13,775,000,000","12,361,000,000","16,947,000,000","15,755,000,000","16,929,000,000","13,283,000,000","14,587,000,000","13,656,000,000","12,838,000,000","10,308,000,000","9,291,000,000","7,898,000,000","6,622,000,000","5,753,000,000","4,269,000,000","4,576,000,000","4,033,000,000","3,317,000,000","2,681,000,000","2,332,000,000","2,207,000,000","2,038,000,000","1,623,000,000","1,514,000,000","1,396,000,000","1,193,000,000","390,800,000","899,200,000"
TaxProvision,"1,129,000,000","2,209,000,000","2,702,000,000","16,373,000,000","3,263,000,000","3,787,000,000","4,240,000,000","1,640,000,000","3,261,000,000","2,689,000,000","3,613,000,000","3,489,000,000","3,980,000,000","2,707,000,000","3,534,000,000","3,245,000,000","4,329,000,000","3,111,000,000","2,694,000,000","2,230,000,000","1,822,000,000","1,586,000,000","1,210,000,000","1,273,000,000","1,146,000,000","914,000,000","675,000,000","545,000,000","582,000,000","577,000,000","480,000,000","432,000,000","422,000,000","360,000,000","61,300,000","285,500,000"
NetIncomeContinuousOperations,"15,185,000,000","15,119,000,000","15,297,000,000","1,300,000,000","16,540,000,000","15,409,000,000","16,323,000,000","13,831,000,000","10,514,000,000","9,672,000,000","13,334,000,000","12,266,000,000","12,949,000,000","10,576,000,000","11,053,000,000","10,411,000,000","8,509,000,000","7,197,000,000","6,597,000,000","5,668,000,000","4,800,000,000","4,167,000,000","3,059,000,000","3,303,000,000","2,887,000,000","2,403,000,000","2,006,000,000","1,787,000,000","1,625,000,000","1,461,000,000","1,143,000,000","1,082,000,000","974,000,000","833,000,000","329,500,000","613,700,000"
NetIncome,"15,185,000,000","15,119,000,000","15,297,000,000","1,300,000,000","16,540,000,000","15,409,000,000","16,323,000,000","13,831,000,000","10,853,000,000","9,672,000,000","13,334,000,000","12,266,000,000","12,949,000,000","10,576,000,000","11,053,000,000","10,411,000,000","8,509,000,000","7,197,000,000","6,597,000,000","5,668,000,000","4,800,000,000","4,167,000,000","3,059,000,000","3,303,000,000","2,887,000,000","2,403,000,000","2,006,000,000","1,787,000,000","1,030,000,000","1,461,000,000","1,143,000,000","1,082,000,000","974,000,000","833,000,000","329,500,000","613,700,000"
NetIncomeCommonStockholders,"15,185,000,000","15,119,000,000","15,297,000,000","1,300,000,000","16,540,000,000","15,409,000,000","16,323,000,000","13,831,000,000","10,853,000,000","9,672,000,000","13,334,000,000","12,266,000,000","12,949,000,000","10,576,000,000","11,053,000,000","10,411,000,000","8,509,000,000","7,197,000,000","6,597,000,000","5,668,000,000","4,800,000,000","4,167,000,000","3,059,000,000","3,303,000,000","2,887,000,000","2,403,000,000","2,006,000,000","1,787,000,000","1,030,000,000","1,461,000,000","1,143,000,000","1,082,000,000","974,000,000","833,000,000","329,500,000","613,700,000"
BasicEPS,,"5.743","5.746","0.485","6.08","5.569","5.865","4.904","3.906","3.542","4.855","4.446","4.667","3.67","3.76","3.5","2.87","2.42","2.2","1.87","1.725","1.5","1.135","1.235","1.085","0.93","0.78","0.685","0.165","0.55","0.43","0.405","0.355","0.305","0.12","0.21"
DilutedEPS,,"5.63","5.61","0.47","5.93","5.48","5.7","4.81","3.86","3.49","4.78","4.4","4.57","3.63","3.73","3.46","2.84","2.4","2.16","1.84","1.7","1.47","1.115","1.205","1.085","0.93","0.78","0.68","0.16","0.54","0.425","0.4","0.35","0.305","0.12","0.21"
BasicAverageShares,,"2,632,507,000","2,662,324,000","2,682,525,000","2,706,511,000","2,755,162,000","2,783,223,000","2,820,628,000","2,778,489,000","2,724,363,000","2,738,097,000","2,760,000,000","2,811,900,000","2,881,743,869","2,939,627,660","2,974,571,429","2,964,808,362","2,973,966,942","2,998,636,364","3,031,016,043","2,782,608,696","2,778,000,000","2,695,154,185","2,674,493,927","2,660,829,493","2,583,870,968","2,571,794,872","2,608,759,124","2,627,184,466","2,656,363,636","2,658,139,535","2,671,604,938","2,743,661,972","2,731,147,541","2,745,833,333","2,922,380,952"
DilutedAverageShares,,"2,684,300,000","2,728,700,000","2,745,300,000","2,788,900,000","2,812,900,000","2,863,900,000","2,877,000,000","2,812,600,000","2,775,300,000","2,788,800,000","2,789,100,000","2,835,600,000","2,913,498,623","2,963,270,777","3,008,959,538","2,996,126,761","2,998,750,000","3,054,166,667","3,080,434,783","2,823,529,412","2,834,693,878","2,743,497,758","2,741,078,838","2,726,315,789","2,584,000,000","2,606,000,000","2,627,941,176","2,627,184,466","2,705,555,556","2,689,411,765","2,705,000,000","2,782,857,143","2,731,147,541","2,745,833,333","2,922,380,952"
Ebitda,,"24,655,000,000","25,933,000,000","24,249,000,000","24,283,000,000","23,494,000,000","24,991,000,000","20,057,000,000","17,973,000,000","16,090,000,000","20,341,000,000","18,980,000,000","20,196,000,000","17,990,000,000","15,886,000,000","15,464,000,000","14,987,000,000","12,740,000,000","11,340,000,000","9,490,000,000","7,992,000,000","7,370,000,000","6,291,000,000","5,689,000,000","5,312,000,000","4,368,000,000","3,531,000,000","3,011,000,000","2,837,000,000","2,657,000,000","2,466,000,000","2,075,000,000","1,795,000,000","1,565,000,000","1,258,800,000","1,090,500,000"