name,ttm,12/31/2019,12/31/2018,12/31/2017,12/31/2016,12/31/2015,12/31/2014,12/31/2013,12/31/2012,12/31/2011,12/31/2010,12/31/2009,12/31/2008,12/31/2007,12/31/2006,12/31/2005,12/31/2004,12/31/2003,12/31/2002,12/31/2001,12/31/2000,12/31/1999,12/31/1998,12/31/1997,12/31/1996,12/31/1995,12/31/1994,12/31/1993,12/31/1992,12/31/1991,12/31/1990,12/31/1989,12/31/1988,12/31/1987,12/31/1986,12/31/1985
TotalRevenue,"22,949,800,000","22,319,500,000","24,555,700,000","22,871,300,000","21,222,100,000","19,958,700,000","19,615,600,000","23,113,100,000","22,603,400,000","24,286,500,000","23,076,000,000","21,836,000,000","20,378,000,000","18,633,500,000","15,691,000,000","14,645,300,000","13,857,900,000","12,582,500,000","11,077,500,000","11,542,500,000","10,862,200,000","10,002,900,000","9,236,800,000","8,517,600,000","7,346,600,000","6,763,800,000","5,711,600,000","6,452,400,000","6,167,300,000","5,725,700,000","5,191,600,000","4,175,600,000","4,069,700,000","3,643,800,000","3,720,400,000","3,270,600,000"
	OperatingRevenue,"22,949,800,000","22,319,500,000","24,555,700,000","22,871,300,000","21,222,100,000","19,958,700,000","19,615,600,000","23,113,100,000","22,603,400,000","24,286,500,000","23,076,000,000","21,836,000,000","20,378,000,000","18,633,500,000","15,691,000,000","14,645,300,000","13,857,900,000","12,582,500,000","11,077,500,000","11,542,500,000","10,862,200,000","10,002,900,000","9,236,800,000","8,517,600,000","7,346,600,000","6,763,800,000","5,711,600,000","6,452,400,000","6,167,300,000","5,725,700,000","5,191,600,000","4,175,600,000","4,069,700,000","3,643,800,000","3,720,400,000","3,270,600,000"
CostOfRevenue,"4,894,700,000","4,721,200,000","6,430,000,000","6,070,200,000","5,654,900,000","5,037,200,000","4,932,500,000","4,908,100,000","4,796,500,000","5,067,900,000","4,366,200,000","4,247,000,000","4,382,800,000","4,248,800,000","3,546,500,000","3,474,200,000","3,223,900,000","2,675,100,000","2,176,500,000","2,160,200,000","2,055,700,000","1,658,300,000","1,524,700,000","1,853,100,000","1,574,900,000","1,332,000,000","1,247,500,000","1,560,700,000","1,528,900,000","1,354,700,000","1,275,800,000","1,026,500,000","1,132,800,000","1,118,500,000","1,168,500,000","1,039,200,000"
GrossProfit,"18,055,100,000","17,598,300,000","18,125,700,000","16,801,100,000","15,567,200,000","14,921,500,000","14,683,100,000","18,205,000,000","17,806,900,000","19,218,600,000","18,709,800,000","17,589,000,000","15,995,200,000","14,384,700,000","12,144,500,000","11,171,100,000","10,634,000,000","9,907,400,000","8,901,000,000","9,382,300,000","8,806,500,000","8,344,600,000","7,712,100,000","6,664,500,000","5,771,700,000","5,431,800,000","4,464,100,000","4,891,700,000","4,638,400,000","4,371,000,000","3,915,800,000","3,149,100,000","2,936,900,000","2,525,300,000","2,551,900,000","2,231,400,000"
OperatingExpense,"12,225,000,000","12,048,400,000","13,922,800,000","13,496,200,000","11,725,900,000","11,864,400,000","11,554,600,000","12,714,000,000","12,791,600,000","12,900,700,000","11,937,600,000","11,219,000,000","10,467,300,000","9,581,800,000","8,019,100,000","7,522,500,000","6,975,300,000","6,405,600,000","5,573,300,000","5,652,500,000","5,246,800,000","4,980,900,000","4,887,600,000","4,206,200,000","3,724,900,000","3,450,000,000","2,669,200,000","4,239,100,000","3,482,900,000","2,602,700,000","2,376,400,000","1,984,300,000","1,890,100,000","1,930,300,000","1,691,600,000","1,467,000,000"
	SellingGeneralAndAdministration,"6,108,600,000","6,213,800,000","6,631,800,000","7,101,800,000","6,452,000,000","6,533,000,000","6,620,800,000","7,125,600,000","7,513,500,000","7,879,900,000","7,053,400,000","6,892,500,000","6,626,400,000","6,095,100,000","4,889,800,000","4,497,000,000","4,284,200,000","4,055,400,000","3,424,000,000","3,417,400,000","3,228,300,000","2,757,600,000","2,658,300,000","2,314,400,000","1,991,900,000","1,854,000,000","1,398,300,000","3,840,800,000","3,114,800,000","2,303,200,000","2,128,900,000","1,755,000,000","1,686,100,000","1,746,000,000","1,513,900,000","1,330,800,000"
		GeneralAndAdministrativeExpense,,"209,900,000","242,100,000","513,700,000",,,,,,,,,,,,,,,,,,,,,,,,,,,,,,,,
			SalariesAndWages,,"209,900,000","0","513,700,000",,,,,,,,,,,,,,,,,,,,,,,,,,,,,,,,
		SellingAndMarketingExpense,,"6,213,800,000","6,631,800,000","6,588,100,000","6,452,000,000","6,533,000,000","6,620,800,000","7,125,600,000","7,513,500,000",,,,,,,,,,,,,,,,,,,,,,,,,,,
	ResearchAndDevelopment,"6,116,400,000","5,834,600,000","7,291,000,000","6,394,400,000","5,273,900,000","5,331,400,000","4,933,800,000","5,588,400,000","5,278,100,000","5,020,800,000","4,884,200,000","4,326,500,000","3,840,900,000","3,486,700,000","3,129,300,000","3,025,500,000","2,691,100,000","2,350,200,000","2,149,300,000","2,235,100,000","2,018,500,000","1,783,600,000","1,738,900,000","1,382,000,000","1,189,500,000","1,042,300,000","838,700,000",,,,,,,,,
	DepreciationAmortizationDepletionIncomeStatement,,,,,,,,,,,,,,,,,,,,,,"439,700,000","490,400,000","509,800,000","543,500,000","553,700,000","432,200,000","398,300,000","368,100,000","299,500,000","247,500,000","229,300,000","204,000,000","184,300,000","177,700,000","136,200,000"
		DepreciationAndAmortizationInIncomeStatement,,,,,,,,,,,,,,,,,,,,,,"439,700,000","490,400,000","509,800,000","543,500,000","553,700,000","432,200,000","398,300,000","368,100,000","299,500,000","247,500,000","229,300,000","204,000,000","184,300,000","177,700,000","136,200,000"
OperatingIncome,"5,830,100,000","5,549,900,000","4,202,900,000","3,304,900,000","3,841,300,000","3,057,100,000","3,128,500,000","5,491,000,000","5,015,300,000","6,317,900,000","6,772,200,000","6,370,000,000","5,527,900,000","4,802,900,000","4,125,400,000","3,648,600,000","3,658,700,000","3,501,800,000","3,327,700,000","3,729,800,000","3,559,700,000","3,363,700,000","2,824,500,000","2,458,300,000","2,046,800,000","1,981,800,000","1,794,900,000","652,600,000","1,155,500,000","1,768,300,000","1,539,400,000","1,164,800,000","1,046,800,000","595,000,000","860,300,000","764,400,000"
NetNonOperatingInterestIncomeExpense,"-332,200,000","-320,200,000","-110,800,000","-57,700,000","-76,500,000","-74,200,000","-27,800,000","-40,400,000","-72,800,000","-106,100,000","-133,600,000","-186,100,000",,,,,,,,,,,,,,,,,,,,,,,,
	InterestIncomeNonOperating,,"80,400,000","161,300,000","167,300,000","108,700,000","87,000,000","121,000,000","119,700,000","105,000,000","79,900,000","51,900,000","75,200,000",,,,,,,,,,,,,,,,,,,,,,,,
	InterestExpenseNonOperating,,"400,600,000","272,100,000","225,000,000","185,200,000","161,200,000","148,800,000","160,100,000","177,800,000","186,000,000","185,500,000","261,300,000",,,,,,,,,,,,,,,,,,,,,,,,
	TotalOtherFinanceCost,,"320,200,000",,"57,700,000","76,500,000","74,200,000","27,800,000","40,400,000","72,800,000","106,100,000",,,,,,,,,,,,,,,,,,,,,,,,,,
OtherIncomeExpense,"894,600,000","36,200,000","-296,400,000","-1,049,800,000","-390,800,000","-192,900,000","-100,400,000","438,700,000","465,700,000","-862,300,000","-113,400,000","-826,100,000","-6,817,900,000","-913,100,000","-731,200,000","-825,900,000","-665,200,000","-179,100,000","209,700,000","-31,200,000","481,300,000","65,500,000","21,800,000","-1,714,000,000","273,300,000","70,100,000","-96,300,000","49,300,000","26,800,000","110,900,000","59,600,000","165,100,000","69,000,000",,"80,100,000","80,600,000"
	EarningsFromEquityInterest,,,,,,,,,,,,,,"11,000,000","96,300,000",,,,,,,,,,,,,,,,,,,,,
	SpecialIncomeCharges,"-154,300,000","-518,300,000","-482,000,000","-1,159,900,000","-586,400,000","-534,400,000","-468,700,000","-120,600,000","-281,100,000","-862,300,000","-113,400,000","-826,100,000","-6,817,900,000","-924,100,000","-827,500,000","-825,900,000","-665,200,000","-179,100,000","209,700,000","-31,200,000","481,300,000","65,500,000","21,800,000","-1,714,000,000","273,300,000","70,100,000","-96,300,000","49,300,000","26,800,000","110,900,000","59,600,000","165,100,000","69,000,000",,"80,100,000","80,600,000"
		RestructuringAndMergernAcquisition,,"77,800,000","142,600,000","697,400,000","126,700,000","141,000,000","225,500,000","90,600,000","74,500,000",,,,,,,,,,,,,,,,,,,,,,,,,,,
		WriteOff,"130,200,000","497,800,000","339,400,000","462,500,000","255,800,000","226,700,000","243,200,000","30,000,000","206,600,000",,,,,,,,,,,,,,,,,,,,,,,,,,,
		OtherSpecialCharges,,"252,500,000","1,983,900,000","1,112,600,000","203,900,000","166,700,000","200,200,000","57,100,000","-787,800,000",,,,,,,,,,,,,,,,,,,,,,,,,,,
		GainOnSaleOfBusiness,,"309,800,000",,,,,,,,,,,,,,,,,,,,,,,,,,,,,,,,,,
	OtherNonOperatingIncomeExpenses,"1,048,900,000","554,500,000","185,600,000","110,100,000","195,600,000","341,500,000","368,300,000","559,300,000","746,800,000",,,,,,,,,,,,,,,,,,,,,,,,,,,
PretaxIncome,"6,392,500,000","5,265,900,000","3,795,700,000","2,197,400,000","3,374,000,000","2,790,000,000","3,000,300,000","5,889,300,000","5,408,200,000","5,349,500,000","6,525,200,000","5,357,800,000","-1,307,600,000","3,876,800,000","3,418,000,000","2,717,500,000","2,941,900,000","3,261,700,000","3,457,700,000","3,552,100,000","3,858,700,000","3,245,400,000","2,665,000,000","510,200,000","2,031,300,000","1,765,600,000","1,698,600,000","701,900,000","1,182,300,000","1,879,200,000","1,599,000,000","1,329,900,000","1,115,800,000","595,000,000","876,300,000","796,600,000"
TaxProvision,"774,400,000","628,000,000","563,700,000","2,401,500,000","636,400,000","381,600,000","609,800,000","1,204,500,000","1,319,600,000","1,001,800,000","1,455,700,000","1,029,000,000","764,300,000","923,800,000","755,300,000","715,900,000","1,131,800,000","700,900,000","749,800,000","742,700,000","800,900,000","698,700,000","568,700,000","895,300,000","507,800,000","459,000,000","513,500,000","210,800,000","354,700,000","564,500,000","471,700,000","390,400,000","354,800,000","184,500,000","318,100,000","279,000,000"
NetIncomeCommonStockholders,"5,618,100,000","8,318,400,000","3,232,000,000","-204,100,000","2,737,600,000","2,408,400,000","2,390,500,000","4,684,800,000","4,088,600,000","4,347,700,000","5,069,500,000","4,328,800,000","-2,071,900,000","2,953,000,000","2,662,700,000","1,979,600,000","1,810,100,000","2,560,800,000","2,707,900,000","2,780,000,000","3,057,800,000","2,720,900,000","2,096,200,000","-387,700,000","1,519,900,000","2,290,900,000","1,286,100,000","480,200,000","708,700,000","1,314,700,000","1,127,300,000","939,500,000","761,000,000","643,700,000","558,200,000","517,600,000"
	NetIncome,"5,618,100,000","8,318,400,000","3,232,000,000","-204,100,000","2,737,600,000","2,408,400,000","2,390,500,000","4,684,800,000","4,088,600,000","4,347,700,000","5,069,500,000","4,328,800,000","-2,071,900,000","2,953,000,000","2,662,700,000","1,979,600,000","1,810,100,000","2,560,800,000","2,707,900,000","2,780,000,000","3,057,800,000","2,721,000,000","2,097,900,000","-385,100,000","1,523,500,000","2,290,900,000","1,286,100,000","480,200,000","708,700,000","1,314,700,000","1,127,300,000","939,500,000","761,000,000","643,700,000","558,200,000","517,600,000"
		NetIncomeIncludingNoncontrollingInterests,"5,618,100,000","8,318,400,000","3,232,000,000","-204,100,000","2,737,600,000","2,408,400,000","2,390,500,000","4,684,800,000","4,088,600,000","4,347,700,000","5,069,500,000","4,328,800,000","-2,071,900,000","2,953,000,000","2,662,700,000","1,979,600,000","1,810,100,000","2,560,800,000","2,707,900,000","2,780,000,000","3,057,800,000","2,721,000,000","2,097,900,000","-385,100,000","1,523,500,000","2,290,900,000","1,286,100,000","480,200,000","708,700,000","1,314,700,000","1,127,300,000","939,500,000","761,000,000","643,700,000","558,200,000","517,600,000"
			NetIncomeContinuousOperations,"5,618,100,000","4,637,900,000","3,232,000,000","-204,100,000","2,737,600,000","2,408,400,000","2,390,500,000","4,684,800,000","4,088,600,000","4,347,700,000","5,069,500,000","4,328,800,000","-2,071,900,000","2,953,000,000","2,662,700,000","2,001,600,000","1,810,100,000","2,560,800,000","2,707,900,000","2,809,400,000","3,057,800,000","2,546,700,000","2,096,300,000","-385,100,000","1,523,500,000","1,306,600,000","1,185,100,000","491,100,000","827,600,000","1,314,700,000","1,127,300,000","939,500,000","761,000,000","410,500,000","558,200,000","517,600,000"
			NetIncomeDiscontinuousOperations,"0","3,680,500,000","81,400,000",,,,,,,,,,,,,,,,,,,"174,300,000","8,800,000",,,"984,300,000","101,000,000",,,,,,,"233,200,000",,
			NetIncomeExtraordinary,,,,,,,,,,,,,,,,"-22,000,000",,,,,,,,,,,,"-10,900,000","-118,900,000",,,,,,,
			NetIncomeFromTaxLossCarryforward,,,,,,,,,,,,,,,,,,,,"-29,400,000",,,"-7,200,000",,,,,,,,,,,,,
	PreferredStockDividends,,,,,,,,,,,,,,,,,,,,,,"100,000","1,700,000","2,600,000","3,600,000",,,,,,,,,,,
DilutedNIAvailtoComStockholders,"5,618,100,000","8,318,400,000","3,232,000,000","-204,100,000","2,737,600,000","2,408,400,000","2,390,500,000","4,684,800,000","4,088,600,000","4,347,700,000","5,069,500,000","4,328,800,000","-2,071,900,000","2,953,000,000","2,662,700,000","1,979,600,000","1,810,100,000","2,560,800,000","2,707,900,000","2,780,000,000","3,057,800,000","2,720,900,000","2,096,200,000","-387,700,000","1,519,900,000","2,290,900,000","1,286,100,000","480,200,000","708,700,000","1,314,700,000","1,127,300,000","939,500,000","761,000,000","643,700,000","558,200,000","517,600,000"
BasicEPS,,"8.687","3.14","-0.19","2.487","2.179","2.152","4.195","3.566","3.9","4.58","3.94","-1.89","2.71","2.45","1.82","1.67","2.38","2.51","2.58","2.83","2.5","1.91","-0.35","1.39","2.015","1.113","0.4","0.61","1.13","0.98","0.8","0.67","0.56","0.51","0.47"
DilutedEPS,,"8.687","3.13","-0.19","2.487","2.179","2.152","4.195","3.566","3.9","4.58","3.94","-1.89","2.71","2.45","1.81","1.66","2.37","2.5","2.55","2.79","2.46","1.87","-0.35","1.39","2.015","1.113","0.4","0.61","1.13","0.98","0.8","0.67","0.56","0.51","0.47"
BasicAverageShares,,"957,526,000","1,027,721,000","1,052,023,000","1,100,875,000","1,105,267,000","1,110,627,000","1,116,795,000","1,146,493,000","1,113,923,000","1,105,788,000","1,098,338,000","1,094,499,000","1,089,667,897","1,086,816,327","1,087,692,308","1,083,892,216","1,075,966,387","1,078,844,622","1,077,519,380","1,080,494,700","1,088,360,000","1,097,486,911","1,107,714,286","1,093,453,237","1,136,923,077","1,156,044,944","1,200,500,000","1,161,803,279","1,163,451,327","1,150,306,122","1,174,375,000","1,135,820,896","1,149,464,286","1,094,509,804","1,101,276,596"
DilutedAverageShares,,"957,526,000","1,033,667,000","1,052,023,000","1,100,875,000","1,105,267,000","1,110,627,000","1,116,795,000","1,146,493,000","1,113,967,000","1,105,813,000","1,098,367,000","1,094,499,000","1,089,667,897","1,086,816,327","1,093,701,657","1,090,421,687","1,080,506,329","1,083,160,000","1,090,196,078","1,095,985,663","1,106,056,911","1,120,962,567","1,107,714,286","1,123,426,000","1,176,944,000","1,167,968,000","1,200,500,000","1,161,803,279","1,163,451,327","1,150,306,122","1,174,375,000","1,135,820,896","1,149,464,286","1,094,509,804","1,101,276,596"
TotalOperatingIncomeAsReported,,"4,974,300,000",,"2,145,000,000","3,458,800,000","2,689,400,000","2,659,800,000","5,370,400,000","4,734,200,000","5,528,500,000",,,,,,,,,,,,,,,,,,,,,,,,,,
TotalExpenses,"17,119,700,000","16,769,600,000","20,352,800,000","19,566,400,000","17,380,800,000","16,901,600,000","16,487,100,000","17,622,100,000","17,588,100,000","17,968,600,000","16,303,800,000","15,466,000,000","14,850,100,000","13,830,600,000","11,565,600,000","10,996,700,000","10,199,200,000","9,080,700,000","7,749,800,000","7,812,700,000","7,302,500,000","6,639,200,000","6,412,300,000","6,059,300,000","5,299,800,000","4,782,000,000","3,916,700,000","5,799,800,000","5,011,800,000","3,957,400,000","3,652,200,000","3,010,800,000","3,022,900,000","3,048,800,000","2,860,100,000","2,506,200,000"
NetIncomeFromContinuingAndDiscontinuedOperation,"5,618,100,000","8,318,400,000","3,232,000,000","-204,100,000","2,737,600,000","2,408,400,000","2,390,500,000","4,684,800,000","4,088,600,000","4,347,700,000","5,069,500,000","4,328,800,000","-2,071,900,000","2,953,000,000","2,662,700,000","2,001,600,000","1,810,100,000","2,560,800,000","2,707,900,000","2,809,400,000","3,057,800,000","2,721,000,000","2,105,100,000","-385,100,000","1,523,500,000","2,290,900,000","1,286,100,000","491,100,000","827,600,000","1,314,700,000","1,127,300,000","939,500,000","761,000,000","643,700,000","558,200,000","517,600,000"
NormalizedIncome,"5,753,707,795.072","5,094,522,300","3,642,182,000","491,840,000","3,213,170,400","2,869,587,200","2,764,053,900","4,780,677,000","4,301,111,600","5,048,517,218.432","5,157,601,713.357","4,996,242,174.027","2,359,735,000","3,656,896,847.916","3,307,341,383.85","2,609,924,356.946","2,219,386,012.441","2,701,413,569.611","2,543,673,308.847","2,834,076,467.442","2,676,397,159.665","2,495,301,451.285","2,079,152,030.019","643,300,000","1,318,521,636.39","1,254,723,776.62","1,252,287,760.509","456,606,154.723","808,840,226.677","1,237,113,670.711","1,085,281,813.634","822,866,080.156","713,940,491.127","410,500,000","507,176,583.362","465,229,224.203"
InterestIncome,,"80,400,000","161,300,000","167,300,000","108,700,000","87,000,000","121,000,000","119,700,000","105,000,000","79,900,000","51,900,000","75,200,000",,,,,,,,,,,,,,,,,,,,,,,,
InterestExpense,,"400,600,000","272,100,000","225,000,000","185,200,000","161,200,000","148,800,000","160,100,000","177,800,000","186,000,000","185,500,000","261,300,000",,,,,,,,,,,,,,,,,,,,,,,,
NetInterestIncome,"-332,200,000","-320,200,000","-110,800,000","-57,700,000","-76,500,000","-74,200,000","-27,800,000","-40,400,000","-72,800,000","-106,100,000","-133,600,000","-186,100,000",,,,,,,,,,,,,,,,,,,,,,,,
EBIT,"6,119,600,000","5,666,500,000","4,067,800,000","2,422,400,000","3,559,200,000","2,951,200,000","3,149,100,000","6,049,400,000","5,586,000,000","5,535,500,000","6,710,700,000","5,619,100,000","5,527,900,000","4,802,900,000","4,125,400,000","3,648,600,000","3,658,700,000","3,501,800,000","3,327,700,000","3,729,800,000","3,559,700,000","3,363,700,000","2,824,500,000","2,458,300,000","2,046,800,000","1,981,800,000","1,794,900,000","652,600,000","1,155,500,000","1,768,300,000","1,539,400,000","1,164,800,000","1,046,800,000","595,000,000","860,300,000","764,400,000"
EBITDA,"6,119,600,000"
ReconciledCostOfRevenue,"4,894,700,000","4,721,200,000","6,430,000,000","6,070,200,000","5,654,900,000","5,037,200,000","4,932,500,000","4,908,100,000","4,796,500,000","5,067,900,000","4,366,200,000","4,247,000,000","4,382,800,000","4,248,800,000","3,546,500,000","3,474,200,000","3,223,900,000","2,675,100,000","2,176,500,000","2,160,200,000","2,055,700,000","1,658,300,000","1,524,700,000","1,853,100,000","1,574,900,000","1,332,000,000","1,247,500,000","1,560,700,000","1,528,900,000","1,354,700,000","1,275,800,000","1,026,500,000","1,132,800,000","1,118,500,000","1,168,500,000","1,039,200,000"
ReconciledDepreciation,,"1,232,600,000","1,609,000,000","1,567,300,000","1,496,600,000","1,427,700,000","1,379,000,000","1,445,600,000","1,462,200,000","1,373,600,000","1,328,200,000","1,297,800,000","1,122,600,000","1,047,900,000","801,800,000","726,400,000","597,500,000","548,500,000","493,000,000","454,900,000","435,800,000","439,700,000","490,400,000","509,800,000","543,500,000","553,700,000","432,200,000","398,300,000","368,100,000","299,500,000","247,500,000","229,300,000","204,000,000","184,300,000","177,700,000","136,200,000"
NetIncomeFromContinuingOperationNetMinorityInterest,"5,618,100,000","4,637,900,000","3,232,000,000","-204,100,000","2,737,600,000","2,408,400,000","2,390,500,000","4,684,800,000","4,088,600,000","4,347,700,000","5,069,500,000","4,328,800,000","-2,071,900,000","2,953,000,000","2,662,700,000","2,001,600,000","1,810,100,000","2,560,800,000","2,707,900,000","2,809,400,000","3,057,800,000","2,546,700,000","2,096,300,000","-385,100,000","1,523,500,000","1,306,600,000","1,185,100,000","491,100,000","827,600,000","1,314,700,000","1,127,300,000","939,500,000","761,000,000","410,500,000","558,200,000","517,600,000"
TotalUnusualItemsExcludingGoodwill,"-154,300,000","-518,300,000","-482,000,000","-1,159,900,000","-586,400,000","-534,400,000","-468,700,000","-120,600,000","-281,100,000","-862,300,000","-113,400,000","-826,100,000","-6,817,900,000","-924,100,000","-827,500,000","-825,900,000","-665,200,000","-179,100,000","209,700,000","-31,200,000","481,300,000","65,500,000","21,800,000","-1,714,000,000","273,300,000","70,100,000","-96,300,000","49,300,000","26,800,000","110,900,000","59,600,000","165,100,000","69,000,000",,"80,100,000","80,600,000"
TotalUnusualItems,"-154,300,000","-518,300,000","-482,000,000","-1,159,900,000","-586,400,000","-534,400,000","-468,700,000","-120,600,000","-281,100,000","-862,300,000","-113,400,000","-826,100,000","-6,817,900,000","-924,100,000","-827,500,000","-825,900,000","-665,200,000","-179,100,000","209,700,000","-31,200,000","481,300,000","65,500,000","21,800,000","-1,714,000,000","273,300,000","70,100,000","-96,300,000","49,300,000","26,800,000","110,900,000","59,600,000","165,100,000","69,000,000",,"80,100,000","80,600,000"
NormalizedEBITDA,"6,273,900,000","7,417,400,000","6,158,800,000","5,149,600,000","5,642,200,000","4,913,300,000","4,996,800,000","7,615,600,000","7,329,300,000","7,771,400,000","8,152,300,000","7,743,000,000","13,468,400,000","6,774,900,000","5,754,700,000","5,200,900,000","4,921,400,000","4,229,400,000","3,611,000,000","4,215,900,000","3,514,200,000","3,737,900,000","3,293,100,000","4,682,100,000","2,317,000,000","2,465,400,000","2,323,400,000","1,001,600,000","1,496,800,000","1,956,900,000","1,727,300,000","1,229,000,000","1,181,800,000","779,300,000","957,900,000","820,000,000"
TaxRateForCalcs,"0.121","0.119","0.149","0.4","0.189","0.137","0.203","0.205","0.244","0.187","0.223","0.192","0.35","0.238","0.221","0.263","0.385","0.215","0.217","0.209","0.208","0.215","0.213","0.4","0.25","0.26","0.302","0.3","0.3","0.3","0.295","0.294","0.318","0.31","0.363","0.35"
TaxEffectOfUnusualItems,"-18,692,204.928","-61,677,700","-71,818,000","-463,960,000","-110,829,600","-73,212,800","-95,146,100","-24,723,000","-68,588,400","-161,482,781.568","-25,298,286.643","-158,657,825.973","-2,386,265,000","-220,203,152.084","-182,858,616.15","-217,575,643.054","-255,913,987.559","-38,486,430.389","45,473,308.847","-6,523,532.558","99,897,159.665","14,101,451.285","4,652,030.019","-685,600,000","68,321,636.39","18,223,776.62","-29,112,239.491","14,806,154.723","8,040,226.677","33,313,670.711","17,581,813.634","48,466,080.156","21,940,491.127","0","29,076,583.362","28,229,224.203"