name,ttm,09/30/2019,09/30/2018,09/30/2017,09/30/2016,09/30/2015,09/30/2014,09/30/2013,09/30/2012,09/30/2011,09/30/2010,09/30/2009,09/30/2008,09/30/2007,09/30/2006,09/30/2005,09/30/2004,09/30/2003,09/30/2002,09/30/2001,09/30/2000,09/30/1999,09/30/1998,09/30/1997,09/30/1996,09/30/1995,09/30/1994,09/30/1993,09/30/1992,09/30/1991,09/30/1990,09/30/1989,09/30/1988,09/30/1987,09/30/1986,09/30/1985
TotalRevenue,"273,857,000,000","260,174,000,000","265,595,000,000","229,234,000,000","215,639,000,000","233,715,000,000","182,795,000,000","170,910,000,000","156,508,000,000","108,249,000,000","65,225,000,000","36,537,000,000","32,479,000,000","24,006,000,000","19,315,000,000","13,931,000,000","8,279,000,000","6,207,000,000","5,742,000,000","5,363,000,000","7,983,000,000","6,134,000,000","5,941,000,000","7,081,000,000","9,833,000,000","11,062,000,000","9,188,748,000","7,977,000,000","7,086,500,000","6,308,800,000","5,558,400,000","5,284,000,000","4,071,400,000","2,661,100,000","1,901,900,000","1,918,300,000"
CostOfRevenue,"169,277,000,000","161,782,000,000","163,756,000,000","141,048,000,000","131,376,000,000","140,089,000,000","112,258,000,000","106,606,000,000","87,846,000,000","64,431,000,000","39,541,000,000","23,397,000,000","21,334,000,000","15,852,000,000","13,717,000,000","9,888,000,000","6,020,000,000","4,499,000,000","4,139,000,000","4,128,000,000","5,817,000,000","4,438,000,000","4,462,000,000","5,713,000,000","8,865,000,000","8,204,000,000","6,844,915,000","5,082,700,000","3,774,200,000","3,109,700,000","2,403,500,000","2,570,000,000","1,913,200,000","1,225,700,000","840,000,000","1,076,000,000"
GrossProfit,"104,580,000,000","98,392,000,000","101,839,000,000","88,186,000,000","84,263,000,000","93,626,000,000","70,537,000,000","64,304,000,000","68,662,000,000","43,818,000,000","25,684,000,000","13,140,000,000","11,145,000,000","8,154,000,000","5,598,000,000","4,043,000,000","2,259,000,000","1,708,000,000","1,603,000,000","1,235,000,000","2,166,000,000","1,696,000,000","1,479,000,000","1,368,000,000","968,000,000","2,858,000,000","2,343,833,000","2,894,300,000","3,312,300,000","3,199,100,000","3,154,900,000","2,714,000,000","2,158,200,000","1,435,400,000","1,061,900,000","842,300,000"
OperatingExpense,"37,442,000,000","34,462,000,000","30,941,000,000","26,842,000,000","24,239,000,000","22,396,000,000","18,034,000,000","15,305,000,000","13,421,000,000","10,028,000,000","7,299,000,000","5,482,000,000","4,870,000,000","3,745,000,000","3,145,000,000","2,393,000,000","1,910,000,000","1,683,000,000","1,558,000,000","1,579,000,000","1,546,000,000","1,310,000,000","1,218,000,000","2,146,000,000","2,172,000,000","2,197,000,000","1,948,414,000","2,783,900,000","2,506,600,000","2,751,800,000","2,442,900,000","2,079,700,000","1,537,900,000","1,063,900,000","788,400,000","695,000,000"
	ResearchAndDevelopment,"17,884,000,000","16,217,000,000","14,236,000,000","11,581,000,000","10,045,000,000","8,067,000,000","6,041,000,000","4,475,000,000","3,381,000,000","2,429,000,000","1,782,000,000","1,333,000,000","1,109,000,000","782,000,000","712,000,000","534,000,000","489,000,000","471,000,000","447,000,000","441,000,000","380,000,000","314,000,000","310,000,000","860,000,000","604,000,000","614,000,000","564,303,000",,,,,,,,,
	SellingGeneralAndAdministration,"19,558,000,000","18,245,000,000","16,705,000,000","15,261,000,000","14,194,000,000","14,329,000,000","11,993,000,000","10,830,000,000","10,040,000,000","7,599,000,000","5,517,000,000","4,149,000,000","3,761,000,000","2,963,000,000","2,433,000,000","1,859,000,000","1,421,000,000","1,212,000,000","1,111,000,000","1,138,000,000","1,166,000,000","996,000,000","908,000,000","1,286,000,000","1,568,000,000","1,583,000,000","1,384,111,000","2,617,800,000","2,289,400,000","2,547,400,000","2,240,200,000","1,954,900,000","1,460,200,000","993,400,000","737,300,000","653,200,000"
	OperatingExpense,"37,442,000,000","34,462,000,000","30,941,000,000","26,842,000,000","24,239,000,000","22,396,000,000","18,034,000,000","15,305,000,000","13,421,000,000","10,028,000,000","7,299,000,000","5,482,000,000","4,870,000,000","3,745,000,000","3,145,000,000","2,393,000,000","1,910,000,000","1,683,000,000","1,558,000,000","1,579,000,000","1,546,000,000","1,310,000,000","1,218,000,000","2,146,000,000","2,172,000,000","2,197,000,000","1,948,414,000","2,783,900,000","2,506,600,000","2,751,800,000","2,442,900,000","2,079,700,000","1,537,900,000","1,063,900,000","788,400,000","695,000,000"
OperatingIncome,"67,138,000,000","63,930,000,000","70,898,000,000","61,344,000,000","60,024,000,000","71,230,000,000","52,503,000,000","48,999,000,000","55,241,000,000","33,790,000,000","18,385,000,000","7,658,000,000","6,275,000,000","4,409,000,000","2,453,000,000","1,650,000,000","349,000,000","25,000,000","45,000,000","-344,000,000","620,000,000","386,000,000","261,000,000","-778,000,000","-1,204,000,000","661,000,000","395,419,000","110,400,000","805,700,000","447,300,000","712,000,000","634,300,000","620,300,000","371,500,000","273,500,000","147,300,000"
InterestExpense,"3,049,000,000","3,576,000,000","3,240,000,000","2,323,000,000","1,456,000,000","733,000,000","384,000,000","136,000,000",,,,,,,"0",,"3,000,000","8,000,000","11,000,000","16,000,000","21,000,000","47,000,000","62,000,000","71,000,000","60,000,000","48,000,000","39,653,000",,,,,,,,,
OtherIncomeExpense,"127,000,000","422,000,000","-441,000,000","-133,000,000","-1,195,000,000","-903,000,000","-431,000,000","-324,000,000","-566,000,000","-104,000,000","-156,000,000","-81,000,000","-33,000,000","-48,000,000","-29,000,000","-18,000,000","-27,000,000","6,000,000","-65,000,000","90,000,000","283,000,000","193,000,000","30,000,000","-278,000,000","-91,000,000","-39,000,000","101,236,000","29,300,000","49,600,000","52,400,000","66,500,000","110,000,000","35,800,000","38,900,000","36,200,000","-27,200,000"
PretaxIncome,"68,317,000,000","65,737,000,000","72,903,000,000","64,089,000,000","61,372,000,000","72,515,000,000","53,483,000,000","50,155,000,000","55,763,000,000","34,205,000,000","18,540,000,000","7,984,000,000","6,895,000,000","5,008,000,000","2,818,000,000","1,815,000,000","383,000,000","92,000,000","87,000,000","-52,000,000","1,092,000,000","676,000,000","329,000,000","-1,045,000,000","-1,295,000,000","674,000,000","500,286,000","139,700,000","855,500,000","499,700,000","778,500,000","744,300,000","656,200,000","410,400,000","309,800,000","120,000,000"
TaxProvision,"9,893,000,000","10,481,000,000","13,372,000,000","15,738,000,000","15,685,000,000","19,121,000,000","13,973,000,000","13,118,000,000","14,030,000,000","8,283,000,000","4,527,000,000","2,280,000,000","2,061,000,000","1,512,000,000","829,000,000","480,000,000","107,000,000","24,000,000","22,000,000","-15,000,000","306,000,000","75,000,000","20,000,000","0","-479,000,000","250,000,000","190,108,000","53,100,000","325,100,000","189,900,000","303,600,000","290,300,000","255,900,000","192,900,000","155,800,000","58,800,000"
NetIncomeContinuousOperations,"58,424,000,000","55,256,000,000","59,531,000,000","48,351,000,000","45,687,000,000","53,394,000,000","39,510,000,000","37,037,000,000","41,733,000,000","25,922,000,000","14,013,000,000","5,704,000,000","4,834,000,000","3,496,000,000","1,989,000,000","1,335,000,000","276,000,000","68,000,000","65,000,000","-37,000,000","786,000,000","601,000,000","309,000,000","-1,045,000,000","-816,000,000","424,000,000","310,178,000","86,600,000","530,400,000","309,800,000","474,900,000","454,000,000","400,300,000","217,500,000","154,000,000","61,200,000"
NetIncome,"58,424,000,000","55,256,000,000","59,531,000,000","48,351,000,000","45,687,000,000","53,394,000,000","39,510,000,000","37,037,000,000","41,733,000,000","25,922,000,000","14,013,000,000","5,704,000,000","4,834,000,000","3,496,000,000","1,989,000,000","1,335,000,000","276,000,000","69,000,000","65,000,000","-25,000,000","786,000,000","601,000,000","309,000,000","-1,045,000,000","-816,000,000","424,000,000","310,178,000","86,600,000","530,400,000","309,800,000","474,900,000","454,000,000","400,300,000","217,500,000","154,000,000","61,200,000"
NetIncomeCommonStockholders,"58,424,000,000","55,256,000,000","59,531,000,000","48,351,000,000","45,687,000,000","53,394,000,000","39,510,000,000","37,037,000,000","41,733,000,000","25,922,000,000","14,013,000,000","5,704,000,000","4,834,000,000","3,496,000,000","1,989,000,000","1,335,000,000","276,000,000","69,000,000","65,000,000","-25,000,000","786,000,000","601,000,000","309,000,000","-1,045,000,000","-816,000,000","424,000,000","310,178,000","86,600,000","530,400,000","309,800,000","474,900,000","454,000,000","400,300,000","217,500,000","154,000,000","61,200,000"
BasicEPS,,"11.97","12.01","9.27","8.35","9.28","6.49","5.719","6.377","4.007","2.201","0.913","0.783","0.577","0.337","0.236","0.053","0.014","0.013","-0.005","0.173","0.15","0.084","-0.296","-0.235","0.123","0.093","0.026","0.155","0.092","0.135","0.126","0.11","0.059","0.043","0.018"
DilutedEPS,,"11.89","11.91","9.21","8.31","9.22","6.45","5.679","6.307","3.954","2.164","0.899","0.766","0.561","0.324","0.223","0.051","0.014","0.013","-0.005","0.156","0.129","0.075","-0.296","-0.235","0.123","0.093","0.026","0.155","0.092","0.135","0.126","0.11","0.059","0.043","0.018"
BasicAverageShares,,"4,617,834,000","4,955,377,000","5,217,242,000","5,470,820,000","5,753,421,000","6,085,572,000","6,477,317,000","6,543,726,000","6,469,806,000","6,366,227,000","6,251,112,000","6,171,144,000","6,052,165,000","5,908,406,000","5,659,073,000","5,202,260,000","5,048,834,000","4,970,308,000","4,838,582,000","4,543,952,000","4,008,396,000","3,695,272,000","3,529,736,000","3,464,552,000","3,445,316,000","3,324,580,000","3,276,756,757","3,421,935,484","3,362,170,543","3,517,777,778","3,590,960,452","3,639,090,909","3,668,674,699","3,593,333,333","3,427,200,000"
DilutedAverageShares,,"4,648,913,000","5,000,109,000","5,251,692,000","5,500,281,000","5,793,069,000","6,122,663,000","6,521,634,000","6,617,485,000","6,556,515,000","6,472,984,000","6,349,035,000","6,314,973,000","6,225,044,000","6,142,682,000","5,997,460,000","5,422,354,000","5,088,524,000","5,064,990,000","4,838,582,000","5,044,536,000","4,876,592,000","4,701,676,000","3,529,736,000","3,464,552,000","3,445,316,000","3,326,680,000","3,276,756,757","3,421,935,484","3,362,170,543","3,517,777,778","3,590,960,452","3,639,090,909","3,668,674,699","3,593,333,333","3,427,200,000"
Ebitda,,"81,860,000,000","87,046,000,000","76,569,000,000","73,333,000,000","84,505,000,000","61,813,000,000","57,048,000,000","58,518,000,000","35,604,000,000","19,412,000,000","8,361,000,000","6,748,000,000","4,726,000,000","3,043,000,000","1,829,000,000","536,000,000","213,000,000","216,000,000","66,000,000","1,197,000,000","808,000,000","502,000,000","-856,000,000","-1,079,000,000","849,000,000","707,897,000","276,500,000","1,022,900,000","651,700,000","914,700,000","759,100,000","698,000,000","442,000,000","324,600,000","189,100,000"