name,ttm,07/31/2019,07/31/2018,07/31/2017,07/31/2016,07/31/2015,07/31/2014,07/31/2013,07/31/2012,07/31/2011,07/31/2010,07/31/2009,07/31/2008,07/31/2007,07/31/2006,07/31/2005,07/31/2004,07/31/2003,07/31/2002,07/31/2001,07/31/2000,07/31/1999,07/31/1998,07/31/1997,07/31/1996,07/31/1995,07/31/1994,07/31/1993,07/31/1992,07/31/1991,07/31/1990,07/31/1989,07/31/1988
TotalRevenue,"50,575,000,000","51,904,000,000","49,330,000,000","48,005,000,000","49,247,000,000","49,161,000,000","47,142,000,000","48,607,000,000","46,061,000,000","43,218,000,000","40,040,000,000","36,117,000,000","39,540,000,000","34,922,000,000","28,484,000,000","24,801,000,000","22,045,000,000","18,878,000,000","18,915,000,000","22,293,000,000","18,928,000,000","12,154,000,000","8,458,777,000","6,440,171,000","4,096,007,000","1,978,916,000","1,243,000,000","649,000,000","339,600,000","183,200,000","69,800,000","27,700,000","5,500,000"
CostOfRevenue,"18,002,000,000","19,238,000,000","18,724,000,000","17,781,000,000","18,287,000,000","19,480,000,000","19,373,000,000","19,167,000,000","17,852,000,000","16,682,000,000","14,397,000,000","13,023,000,000","14,056,000,000","12,586,000,000","9,737,000,000","8,130,000,000","6,919,000,000","5,645,000,000","6,902,000,000","11,221,000,000","6,746,000,000","4,240,000,000","2,917,617,000","2,241,378,000","1,409,862,000","644,152,000","382,000,000","196,900,000","104,500,000","59,500,000","22,900,000","11,500,000","2,400,000"
GrossProfit,"32,573,000,000","32,666,000,000","30,606,000,000","30,224,000,000","30,960,000,000","29,681,000,000","27,769,000,000","29,440,000,000","28,209,000,000","26,536,000,000","25,643,000,000","23,094,000,000","25,484,000,000","22,336,000,000","18,747,000,000","16,671,000,000","15,126,000,000","13,233,000,000","12,013,000,000","11,072,000,000","12,182,000,000","7,914,000,000","5,541,160,000","4,198,793,000","2,686,145,000","1,334,764,000","861,000,000","452,100,000","235,100,000","123,700,000","46,900,000","16,200,000","3,100,000"
OperatingExpense,"18,116,000,000","18,125,000,000","17,939,000,000","17,495,000,000","18,032,000,000","18,427,000,000","18,006,000,000","18,139,000,000","17,840,000,000","18,063,000,000","16,479,000,000","15,709,000,000","16,039,000,000","13,634,000,000","11,660,000,000","9,229,000,000","8,831,000,000","8,347,000,000","9,029,000,000","11,051,000,000","7,574,000,000","4,459,000,000","2,843,111,000","2,063,102,000","1,285,339,000","596,065,000","372,900,000","188,500,000","105,700,000","57,500,000","25,400,000","9,300,000","2,600,000"
	ResearchAndDevelopment,"6,535,000,000","6,577,000,000","6,332,000,000","6,059,000,000","6,296,000,000","6,207,000,000","6,294,000,000","5,942,000,000","5,488,000,000","5,823,000,000","5,273,000,000","5,208,000,000","5,153,000,000","4,499,000,000","4,067,000,000","3,322,000,000","3,192,000,000","3,135,000,000","3,448,000,000","3,922,000,000","2,704,000,000","1,594,000,000","1,020,446,000","698,172,000","399,291,000","164,819,000","88,800,000",,,,,,
	SellingGeneralAndAdministration,"11,435,000,000","11,398,000,000","11,386,000,000","11,177,000,000","11,433,000,000","11,861,000,000","11,437,000,000","11,802,000,000","11,969,000,000","11,720,000,000","10,715,000,000","9,968,000,000","10,387,000,000","8,728,000,000","7,200,000,000","5,680,000,000","5,397,000,000","4,818,000,000","4,882,000,000","6,074,000,000","4,579,000,000","2,865,000,000","1,822,665,000","1,364,930,000","886,048,000","431,246,000","253,300,000","174,900,000","99,000,000","54,500,000","24,400,000","9,200,000","2,500,000"
	OperatingExpense,"18,116,000,000","18,125,000,000","17,939,000,000","17,495,000,000","18,032,000,000","18,427,000,000","18,006,000,000","18,139,000,000","17,840,000,000","18,063,000,000","16,479,000,000","15,709,000,000","16,039,000,000","13,634,000,000","11,660,000,000","9,229,000,000","8,831,000,000","8,347,000,000","9,029,000,000","11,051,000,000","7,574,000,000","4,459,000,000","2,843,111,000","2,063,102,000","1,285,339,000","596,065,000","372,900,000","188,500,000","105,700,000","57,500,000","25,400,000","9,300,000","2,600,000"
OperatingIncome,"14,457,000,000","14,541,000,000","12,667,000,000","12,729,000,000","12,928,000,000","11,254,000,000","9,763,000,000","11,301,000,000","10,369,000,000","8,473,000,000","9,164,000,000","7,385,000,000","9,445,000,000","8,702,000,000","7,087,000,000","7,442,000,000","6,295,000,000","4,886,000,000","2,984,000,000","21,000,000","4,608,000,000","3,455,000,000","2,698,049,000","2,135,691,000","1,400,806,000","738,699,000","488,100,000","263,600,000","129,400,000","66,200,000","21,500,000","6,900,000","500,000"
InterestExpense,"670,000,000","859,000,000","943,000,000","861,000,000","676,000,000","566,000,000","564,000,000","583,000,000","596,000,000","628,000,000","623,000,000","346,000,000","319,000,000","377,000,000","148,000,000",,,,,,,,,,,,,,,,,,
OtherIncomeExpense,"-457,000,000","-419,000,000","-193,000,000","-919,000,000","-337,000,000","-256,000,000","-175,000,000","-145,000,000","-264,000,000","-661,000,000","239,000,000","-191,000,000","-14,000,000","44,000,000","-61,000,000","42,000,000","185,000,000","-533,000,000","-1,169,000,000","-1,835,000,000","-842,000,000","-471,000,000","-588,284,000","-355,708,000",,"-95,760,000","21,400,000","11,600,000","6,700,000","4,600,000","2,100,000","200,000","100,000"
PretaxIncome,"14,368,000,000","14,571,000,000","13,039,000,000","12,287,000,000","12,920,000,000","11,201,000,000","9,715,000,000","11,227,000,000","10,159,000,000","7,825,000,000","9,415,000,000","7,693,000,000","10,255,000,000","9,461,000,000","7,633,000,000","8,036,000,000","6,992,000,000","5,013,000,000","2,710,000,000","-874,000,000","4,343,000,000","3,316,000,000","2,302,466,000","1,888,872,000","1,464,825,000","679,046,000","509,500,000","275,200,000","136,100,000","70,800,000","23,500,000","7,000,000","700,000"
TaxProvision,"3,584,000,000","2,950,000,000","12,929,000,000","2,678,000,000","2,181,000,000","2,220,000,000","1,862,000,000","1,244,000,000","2,118,000,000","1,335,000,000","1,648,000,000","1,559,000,000","2,203,000,000","2,128,000,000","2,053,000,000","2,295,000,000","2,024,000,000","1,435,000,000","817,000,000","140,000,000","1,675,000,000","1,220,000,000","952,394,000","840,193,000","551,501,000","258,038,000","194,600,000","103,200,000","51,700,000","27,600,000","9,600,000","2,800,000","300,000"
NetIncomeContinuousOperations,"10,784,000,000","11,621,000,000","110,000,000","9,609,000,000","10,739,000,000","8,981,000,000","7,853,000,000","9,983,000,000","8,041,000,000","6,490,000,000","7,767,000,000","6,134,000,000","8,052,000,000","7,333,000,000","5,580,000,000","5,741,000,000","4,968,000,000","3,578,000,000","1,893,000,000","-1,014,000,000","2,668,000,000","2,096,000,000","1,350,072,000","1,048,679,000","913,324,000","421,008,000","314,900,000","172,000,000","84,400,000","43,200,000","13,900,000","4,200,000","400,000"
NetIncome,"10,784,000,000","11,621,000,000","110,000,000","9,609,000,000","10,739,000,000","8,981,000,000","7,853,000,000","9,983,000,000","8,041,000,000","6,490,000,000","7,767,000,000","6,134,000,000","8,052,000,000","7,333,000,000","5,580,000,000","5,741,000,000","4,401,000,000","3,578,000,000","1,893,000,000","-1,014,000,000","2,668,000,000","2,096,000,000","1,350,072,000","1,048,679,000","913,324,000","421,008,000","314,900,000","172,000,000","84,400,000","43,200,000","13,900,000","4,200,000","400,000"
NetIncomeCommonStockholders,"10,784,000,000","11,621,000,000","110,000,000","9,609,000,000","10,739,000,000","8,981,000,000","7,853,000,000","9,983,000,000","8,041,000,000","6,490,000,000","7,767,000,000","6,134,000,000","8,052,000,000","7,333,000,000","5,580,000,000","5,741,000,000","4,401,000,000","3,578,000,000","1,893,000,000","-1,014,000,000","2,668,000,000","2,096,000,000","1,350,072,000","1,048,679,000","913,324,000","421,008,000","314,900,000","172,000,000","84,400,000","43,200,000","13,900,000","4,200,000","400,000"
BasicEPS,,"2.63","0.02","1.92","2.13","1.76","1.5","1.87","1.5","1.17","1.36","1.05","1.35","1.21","0.91","0.88","0.64","0.5","0.26","-0.14","0.39","0.325","0.22","0.169","0.152","0.084","0.07","0.04","0.02","0.01","0.01","0.01","0.01"
DilutedEPS,,"2.61","0.02","1.9","2.11","1.75","1.49","1.86","1.49","1.17","1.33","1.05","1.31","1.17","0.89","0.87","0.62","0.5","0.25","-0.14","0.36","0.31","0.21","0.169","0.152","0.084","0.06","0.04","0.02","0.01","0.01","0.01","0.01"
BasicAverageShares,,"4,419,000,000","4,837,000,000","5,010,000,000","5,053,000,000","5,104,000,000","5,234,000,000","5,329,000,000","5,370,000,000","5,529,000,000","5,732,000,000","5,828,000,000","5,986,000,000","6,055,000,000","6,158,000,000","6,487,000,000","6,840,000,000","7,124,000,000","7,301,000,000","7,196,000,000","6,917,000,000","6,426,000,000","6,135,475,999","6,203,871,000","5,999,274,000","4,991,364,000","4,498,571,429","4,300,000,000","4,220,000,000","4,320,000,000","3,851,316,000","3,851,316,000","40,000,000"
DilutedAverageShares,,"4,453,000,000","4,881,000,000","5,049,000,000","5,088,000,000","5,146,000,000","5,281,000,000","5,380,000,000","5,404,000,000","5,563,000,000","5,848,000,000","5,857,000,000","6,163,000,000","6,265,000,000","6,272,000,000","6,612,000,000","7,057,000,000","7,223,000,000","7,447,000,000","7,196,000,000","7,438,000,000","6,796,000,000","6,432,691,999","6,203,871,000","5,999,274,000","4,991,364,000","5,248,333,333","4,300,000,000","4,220,000,000","4,320,000,000","3,851,316,000","3,851,316,000","40,000,000"
Ebitda,,"17,327,000,000","16,174,000,000","15,434,000,000","15,746,000,000","14,209,000,000","12,711,000,000","14,161,000,000","13,357,000,000","10,939,000,000","12,068,000,000","9,807,000,000","12,318,000,000","11,251,000,000","9,074,000,000","8,451,000,000","7,738,000,000","6,477,000,000","4,941,000,000","2,257,000,000","5,471,000,000","3,941,000,000","3,025,382,000","2,347,891,000","1,533,400,000","797,209,000","518,900,000","277,200,000","136,100,000","69,200,000","22,500,000","7,000,000","600,000"