name,ttm,12/31/2019,12/31/2018,12/31/2017,12/31/2016,12/31/2015,12/31/2014,12/31/2013,12/31/2012,12/31/2011,12/31/2010,12/31/2009,12/31/2008,12/31/2007,12/31/2006,12/31/2005,12/31/2004,12/31/2003,12/31/2002,12/31/2001,12/31/2000,12/31/1999,12/31/1998,12/31/1997,12/31/1996,12/31/1995,12/31/1994,12/31/1993,12/31/1992,12/31/1991,12/31/1990,12/31/1989,12/31/1988,12/31/1987,12/31/1986,12/31/1985
TotalRevenue,"75,498,000,000","77,147,000,000","79,590,000,000","79,139,000,000","79,920,000,000","81,742,000,000","92,793,000,000","99,751,000,000","104,507,000,000","106,916,000,000","99,870,000,000","95,758,000,000","103,630,000,000","98,786,000,000","91,424,000,000","91,134,000,000","96,293,000,000","89,131,000,000","81,186,000,000","85,866,000,000","88,396,000,000","87,548,000,000","79,075,000,000","78,508,000,000","74,323,000,000","71,940,000,000","64,052,000,000","62,716,000,000","64,523,000,000","64,792,000,000","69,018,000,000","62,710,000,000","59,681,000,000","54,217,000,000","51,250,000,000","50,056,000,000"
CostOfRevenue,"39,440,000,000","40,659,000,000","42,655,000,000","42,913,000,000","41,625,000,000","41,057,000,000","46,386,000,000","51,246,000,000","54,209,000,000","56,778,000,000","53,857,000,000","51,973,000,000","57,969,000,000","57,057,000,000","53,129,000,000","54,602,000,000","60,261,000,000","56,113,000,000","50,902,000,000","54,084,000,000","55,972,000,000","55,619,000,000","50,795,000,000","47,899,000,000","43,784,000,000","41,573,000,000","38,768,000,000","33,858,000,000","28,810,000,000","27,324,000,000","26,506,000,000","23,461,000,000","21,777,000,000","21,083,000,000","19,390,000,000","18,209,000,000"
GrossProfit,"36,057,000,000","36,488,000,000","36,936,000,000","36,227,000,000","38,294,000,000","40,684,000,000","46,407,000,000","48,505,000,000","50,298,000,000","50,138,000,000","46,014,000,000","43,785,000,000","45,661,000,000","41,729,000,000","38,295,000,000","36,532,000,000","36,032,000,000","33,018,000,000","30,284,000,000","31,782,000,000","32,424,000,000","31,929,000,000","28,280,000,000","30,609,000,000","30,539,000,000","30,367,000,000","25,284,000,000","28,858,000,000","35,713,000,000","37,468,000,000","42,512,000,000","39,249,000,000","37,904,000,000","33,134,000,000","31,860,000,000","31,847,000,000"
OperatingExpense,"27,284,000,000","25,857,000,000","23,651,000,000","24,372,000,000","25,102,000,000","24,763,000,000","27,541,000,000","28,749,000,000","28,730,000,000","29,852,000,000","27,864,000,000","26,773,000,000","29,723,000,000","28,213,000,000","26,366,000,000","27,156,000,000","25,057,000,000","22,929,000,000","23,488,000,000","22,487,000,000","20,790,000,000","20,002,000,000","21,708,000,000","21,511,000,000","21,943,000,000","22,776,000,000","20,279,000,000","37,495,000,000","32,307,000,000","36,526,000,000","31,480,000,000","32,356,000,000","29,158,000,000","25,392,000,000","24,001,000,000","20,617,000,000"
	ResearchAndDevelopment,"6,356,000,000","5,989,000,000","5,379,000,000","5,787,000,000","5,751,000,000","5,247,000,000","5,437,000,000","6,226,000,000","6,302,000,000","6,258,000,000","6,026,000,000","5,820,000,000","6,337,000,000","6,153,000,000","6,107,000,000","5,842,000,000","5,673,000,000","5,077,000,000","4,750,000,000","5,290,000,000","5,151,000,000","5,273,000,000","5,046,000,000","4,877,000,000","5,089,000,000","6,010,000,000","4,363,000,000",,,,,,,,,
	SellingGeneralAndAdministration,"20,345,000,000","19,754,000,000","18,863,000,000","19,555,000,000","20,479,000,000","19,894,000,000","22,472,000,000","22,975,000,000","23,174,000,000","23,217,000,000","21,545,000,000","20,521,000,000","23,386,000,000","22,060,000,000","20,259,000,000","21,314,000,000","19,384,000,000","17,852,000,000","18,738,000,000","17,197,000,000","15,639,000,000","14,729,000,000","16,662,000,000","16,634,000,000","16,854,000,000","16,766,000,000","15,916,000,000","32,785,000,000","26,048,000,000","31,376,000,000","27,263,000,000","28,116,000,000","25,287,000,000","21,865,000,000","20,685,000,000","17,723,000,000"
	OperatingExpense,"27,284,000,000","25,857,000,000","23,651,000,000","24,372,000,000","25,102,000,000","24,763,000,000","27,541,000,000","28,749,000,000","28,730,000,000","29,852,000,000","27,864,000,000","26,773,000,000","29,723,000,000","28,213,000,000","26,366,000,000","27,156,000,000","25,057,000,000","22,929,000,000","23,488,000,000","22,487,000,000","20,790,000,000","20,002,000,000","21,708,000,000","21,511,000,000","21,943,000,000","22,776,000,000","20,279,000,000","37,495,000,000","32,307,000,000","36,526,000,000","31,480,000,000","32,356,000,000","29,158,000,000","25,392,000,000","24,001,000,000","20,617,000,000"
OperatingIncome,"8,773,000,000","10,631,000,000","13,285,000,000","11,855,000,000","13,192,000,000","15,921,000,000","18,866,000,000","19,756,000,000","21,568,000,000","20,286,000,000","18,149,000,000","17,012,000,000","15,938,000,000","13,516,000,000","11,929,000,000","9,376,000,000","10,975,000,000","10,089,000,000","6,796,000,000","9,295,000,000","11,634,000,000","11,927,000,000","6,572,000,000","9,098,000,000","8,596,000,000","7,591,000,000","5,005,000,000","-8,637,000,000","3,406,000,000","942,000,000","11,032,000,000","6,893,000,000","8,746,000,000","7,742,000,000","7,859,000,000","11,230,000,000"
InterestExpense,"1,435,000,000","1,344,000,000","723,000,000","615,000,000","630,000,000","468,000,000","484,000,000","402,000,000","459,000,000","411,000,000","368,000,000","402,000,000","673,000,000","611,000,000","278,000,000","220,000,000","139,000,000",,,,"717,000,000","727,000,000","713,000,000","728,000,000","716,000,000","725,000,000","1,227,000,000",,,,,,,,,
OtherIncomeExpense,"-489,000,000","529,000,000","-1,482,000,000","17,000,000","-339,000,000","421,000,000","1,515,000,000","98,000,000","684,000,000","992,000,000","1,849,000,000","1,434,000,000","1,450,000,000","1,584,000,000","1,666,000,000","3,070,000,000","1,192,000,000","930,000,000","873,000,000","1,896,000,000","617,000,000","557,000,000","2,592,000,000",,,,,"1,113,000,000","-11,072,000,000","602,000,000","495,000,000","728,000,000","996,000,000","1,352,000,000","1,005,000,000","832,000,000"
PretaxIncome,"7,037,000,000","10,166,000,000","11,342,000,000","11,400,000,000","12,330,000,000","15,945,000,000","19,986,000,000","19,524,000,000","21,902,000,000","21,003,000,000","19,723,000,000","18,138,000,000","16,715,000,000","14,489,000,000","13,317,000,000","12,226,000,000","12,028,000,000","10,874,000,000","7,524,000,000","10,953,000,000","11,534,000,000","11,757,000,000","9,040,000,000","9,027,000,000","8,587,000,000","7,813,000,000","5,155,000,000","-8,797,000,000","-9,026,000,000","121,000,000","10,203,000,000","6,645,000,000","9,033,000,000","8,609,000,000","8,389,000,000","11,619,000,000"
TaxProvision,"-844,000,000","731,000,000","2,619,000,000","5,642,000,000","449,000,000","2,581,000,000","4,234,000,000","3,041,000,000","5,298,000,000","5,148,000,000","4,890,000,000","4,713,000,000","4,381,000,000","4,071,000,000","3,901,000,000","4,232,000,000","3,580,000,000","3,261,000,000","2,190,000,000","3,230,000,000","3,441,000,000","4,045,000,000","2,712,000,000","2,934,000,000","3,158,000,000","3,635,000,000","2,134,000,000","-810,000,000","-2,161,000,000","685,000,000","4,183,000,000","2,887,000,000","3,542,000,000","3,351,000,000","3,600,000,000","5,064,000,000"
NetIncomeContinuousOperations,"7,880,000,000","9,435,000,000","8,723,000,000","5,758,000,000","11,881,000,000","13,364,000,000","15,751,000,000","16,483,000,000","16,604,000,000","15,855,000,000","14,833,000,000","13,425,000,000","12,334,000,000","10,418,000,000","9,416,000,000","7,994,000,000","8,448,000,000","7,613,000,000","5,334,000,000","7,723,000,000","8,093,000,000","7,712,000,000","6,328,000,000","6,093,000,000","5,429,000,000","4,178,000,000","3,021,000,000","-7,987,000,000","-6,865,000,000","-564,000,000","6,020,000,000","3,758,000,000","5,491,000,000","5,258,000,000","4,789,000,000","6,555,000,000"
NetIncome,"7,878,000,000","9,431,000,000","8,728,000,000","5,753,000,000","11,872,000,000","13,190,000,000","12,022,000,000","16,483,000,000","16,604,000,000","15,855,000,000","14,833,000,000","13,425,000,000","12,334,000,000","10,418,000,000","9,492,000,000","7,934,000,000","8,430,000,000","7,583,000,000","3,579,000,000","7,723,000,000","8,093,000,000","7,712,000,000","6,328,000,000","6,093,000,000","5,429,000,000","4,178,000,000","3,021,000,000","-8,101,000,000","-4,965,000,000","-564,000,000","6,020,000,000","3,758,000,000","5,491,000,000","5,258,000,000","4,789,000,000","6,555,000,000"
NetIncomeCommonStockholders,"7,878,000,000","9,431,000,000","8,728,000,000","5,753,000,000","11,872,000,000","13,190,000,000","12,022,000,000","16,483,000,000","16,604,000,000","15,855,000,000","14,833,000,000","13,425,000,000","12,334,000,000","10,418,000,000","9,492,000,000","7,934,000,000","8,430,000,000","7,583,000,000","3,579,000,000","7,713,000,000","8,073,000,000","7,692,000,000","6,308,000,000","6,073,000,000","5,409,000,000","4,116,000,000","2,937,000,000","-8,148,000,000","-4,965,000,000","-564,000,000","6,020,000,000","3,758,000,000","5,491,000,000","5,258,000,000","4,789,000,000","6,555,000,000"
BasicEPS,,"10.63","9.57","6.17","12.43","13.48","11.97","15.06","14.53","13.25","11.69","10.12","9.07","7.32","6.2","4.96","5.03","4.4","2.1","4.45","4.58","4.25","3.375","3.09","2.56","1.808","1.255","-3.56","-2.17","-0.25","2.63","1.62","2.32","2.18","1.96","2.67"
DilutedEPS,,"10.56","9.52","6.14","12.38","13.42","11.9","14.94","14.37","13.06","11.52","10.01","8.93","7.18","6.11","4.87","4.93","4.32","2.06","4.35","4.44","4.12","3.285","3.005","2.56","1.808","1.255","-3.56","-2.17","-0.25","2.63","1.62","2.32","2.18","1.96","2.67"
BasicAverageShares,,"887,200,000","912,000,000","932,800,000","955,400,000","978,700,000","1,004,300,000","1,094,500,000","1,142,500,000","1,197,000,000","1,268,800,000","1,327,200,000","1,359,769,923","1,423,039,793","1,530,806,987","1,600,591,264","1,674,959,086","1,721,588,628","1,703,244,345","1,733,258,427","1,763,037,049","1,808,538,346","1,869,005,570","1,966,572,722","2,113,408,376","2,277,536,116","2,339,834,796","2,288,764,045","2,288,018,433","2,256,000,000","2,288,973,384","2,319,753,086","2,366,810,345","2,411,926,606","2,443,367,347","2,455,056,180"
DilutedAverageShares,,"892,800,000","916,300,000","937,400,000","958,700,000","982,700,000","1,010,000,000","1,103,000,000","1,155,400,000","1,213,800,000","1,287,400,000","1,341,400,000","1,381,773,136","1,450,570,579","1,553,535,384","1,627,632,662","1,708,872,279","1,756,090,689","1,730,941,054","1,773,103,448","1,812,118,422","1,871,073,912","1,920,130,470","2,021,869,884","2,133,200,000","2,277,536,116","2,339,834,796","2,288,764,045","2,288,018,433","2,256,000,000","2,288,973,384","2,319,753,086","2,366,810,345","2,411,926,606","2,443,367,347","2,455,056,180"
Ebitda,,"17,569,000,000","16,545,000,000","16,556,000,000","17,341,000,000","20,268,000,000","24,962,000,000","24,604,000,000","27,037,000,000","26,229,000,000","24,922,000,000","23,534,000,000","22,838,000,000","20,301,000,000","18,578,000,000","17,634,000,000","17,082,000,000","14,790,000,000","11,175,000,000","14,115,000,000","17,246,000,000","19,069,000,000","14,745,000,000","14,756,000,000","14,315,000,000","14,140,000,000","12,677,000,000","-3,927,000,000","9,665,000,000","6,092,000,000","15,249,000,000","11,133,000,000","12,617,000,000","11,269,000,000","11,175,000,000","14,124,000,000"