name,ttm,03/31/2020,03/31/2019,03/31/2018,03/31/2017,03/31/2016,03/31/2015,03/31/2014,03/31/2013,03/31/2012,03/31/2011,03/31/2010,03/31/2009,03/31/2008,03/31/2007,03/31/2006,03/31/2005,03/31/2004,03/31/2003,03/31/2002,03/31/2001,03/31/2000,03/31/1999,03/31/1998,03/31/1997,03/31/1996,03/31/1995,03/31/1994,03/31/1993,03/31/1992,03/31/1991,03/31/1990,03/31/1989,03/31/1988,03/31/1987,10/31/1985
TotalRevenue,"8,259,885,000,000","8,259,885,000,000","8,665,687,000,000","8,543,982,000,000","7,603,250,000,000","8,105,712,000,000","8,215,880,000,000","7,767,266,000,000","6,800,851,000,000","6,493,212,000,000","7,181,273,000,000","7,213,998,000,000","7,729,993,000,000","8,871,414,000,000","8,295,695,000,000","7,474,576,384,800","7,175,165,128,320","7,514,700,137,550","7,463,457,790,080","7,591,408,475,430","7,379,691,520,860","6,481,915,211,600","6,801,119,376,350","6,811,276,589,847.75","5,653,121,153,830.6","4,640,229,209,349","3,867,056,776,037","3,719,214,870,036","3,992,913,726,956","3,918,988,514,018","3,703,691,243,160","2,927,507,711,169","2,210,092,522,934","1,445,796,572,850","1,204,196,949,030","1,439,476,329,280"
CostOfRevenue,"5,925,049,000,000","5,925,049,000,000","6,263,196,000,000","6,230,422,000,000","5,663,154,000,000","6,074,652,000,000","6,158,134,000,000","5,956,211,000,000","5,341,396,000,000","5,122,497,000,000","5,507,151,000,000","4,892,563,000,000","5,660,504,000,000","6,290,022,000,000","5,889,601,000,000","5,150,776,914,450","5,010,991,547,800","5,070,579,911,350","5,461,334,273,460","5,248,740,516,890","5,503,934,801,880","4,802,815,365,800","4,959,866,567,200","4,930,074,951,837.6","4,153,206,804,284.52","3,020,511,708,243","2,617,853,763,133","2,506,935,727,908","2,654,438,943,464","2,575,490,578,396","2,299,455,406,815","1,762,583,912,088","1,354,840,863,017","970,798,747,273","832,895,223,050","912,075,146,880"
GrossProfit,"2,334,836,000,000","2,334,836,000,000","2,402,491,000,000","2,313,560,000,000","1,940,096,000,000","2,031,060,000,000","2,057,746,000,000","1,811,055,000,000","1,459,455,000,000","1,370,715,000,000","1,674,122,000,000","2,321,435,000,000","2,069,489,000,000","2,581,392,000,000","2,406,094,000,000","2,323,799,470,350","2,164,173,580,520","2,444,120,226,200","2,002,123,516,620","2,342,667,958,540","1,875,756,718,980","1,679,099,845,800","1,841,252,809,150","1,881,201,638,010.15","1,499,914,349,546.08","1,619,717,501,106","1,249,203,012,904","1,212,279,142,128","1,338,474,783,492","1,343,497,935,622","1,404,235,836,345","1,164,923,799,081","855,251,659,917","474,997,825,577","371,301,725,980","527,401,182,400"
OperatingExpense,"1,502,625,000,000","1,502,625,000,000","1,576,825,000,000","1,583,197,000,000","1,505,956,000,000","1,691,930,000,000","1,811,461,000,000","1,728,520,000,000","1,457,626,000,000","1,375,887,000,000","1,501,813,000,000","1,544,890,000,000","1,686,030,000,000","1,714,445,000,000","1,788,427,000,000","2,132,532,989,100","2,049,970,584,620","2,344,975,100,150","1,816,905,561,220","2,207,764,521,690","1,648,380,803,670","1,445,848,719,800","1,502,322,242,250","1,356,695,747,310.9","1,130,239,148,821.76","1,381,944,591,297","1,414,840,088,655","1,112,993,238,252","1,212,024,801,372","1,177,063,796,178","1,105,739,949,870","871,511,005,422","694,124,203,140","419,423,663,017","341,087,643,110","393,684,307,520"
	SellingGeneralAndAdministration,"1,502,625,000,000","1,502,625,000,000","1,576,825,000,000","1,583,197,000,000","1,505,956,000,000","1,691,930,000,000","1,811,461,000,000","1,728,520,000,000","1,457,626,000,000","1,375,887,000,000","1,501,813,000,000","1,544,890,000,000","1,686,030,000,000","1,714,445,000,000","1,788,427,000,000","2,058,615,850,500","2,021,982,808,160","2,309,424,639,600","1,817,023,534,440","2,207,897,431,480","1,648,380,803,670","1,445,848,719,800","1,502,322,242,250","1,356,695,747,310.9","1,130,239,148,821.76","1,152,268,448,292","1,201,423,917,974","874,797,356,844","937,544,499,584","911,614,232,246","890,873,707,410","707,750,845,008","567,835,473,550","333,730,289,141","270,583,248,670","323,335,948,480"
	OperatingExpense,"1,502,625,000,000","1,502,625,000,000","1,576,825,000,000","1,583,197,000,000","1,505,956,000,000","1,691,930,000,000","1,811,461,000,000","1,728,520,000,000","1,457,626,000,000","1,375,887,000,000","1,501,813,000,000","1,544,890,000,000","1,686,030,000,000","1,714,445,000,000","1,788,427,000,000","2,132,532,989,100","2,049,970,584,620","2,344,975,100,150","1,816,905,561,220","2,207,764,521,690","1,648,380,803,670","1,445,848,719,800","1,502,322,242,250","1,356,695,747,310.9","1,130,239,148,821.76","1,381,944,591,297","1,414,840,088,655","1,112,993,238,252","1,212,024,801,372","1,177,063,796,178","1,105,739,949,870","871,511,005,422","694,124,203,140","419,423,663,017","341,087,643,110","393,684,307,520"
OperatingIncome,"832,211,000,000","832,211,000,000","825,666,000,000","730,363,000,000","434,140,000,000","339,130,000,000","246,285,000,000","82,535,000,000","1,829,000,000","-5,172,000,000","172,309,000,000","776,545,000,000","383,459,000,000","866,947,000,000","617,667,000,000","191,266,481,250","114,202,995,900","99,145,126,050","185,217,955,400","134,903,436,850","227,375,915,310","233,251,126,000","338,930,566,900","524,505,890,699.25","369,675,200,724.32","237,772,909,809","-165,637,075,751","99,285,903,876","126,449,982,120","166,434,139,444","298,495,886,475","293,412,793,659","161,127,456,777","55,574,162,560","30,214,082,870","133,716,874,880"
InterestExpense,"11,090,000,000","11,090,000,000","12,467,000,000","13,566,000,000","14,544,000,000","25,286,000,000","23,600,000,000","23,460,000,000","26,657,000,000","23,432,000,000","23,909,000,000","694,055,000,000","572,201,000,000","553,237,000,000","567,375,000,000",,,,,,,,,,,,,,,,,,,,,
OtherIncomeExpense,"-40,949,000,000","-40,949,000,000","176,831,000,000","-37,532,000,000","-179,436,000,000","-21,795,000,000","-195,843,000,000","-49,986,000,000","248,522,000,000","-69,683,000,000","44,830,000,000","-68,769,000,000","-8,530,000,000","118,335,000,000","23,505,000,000","38,370,998,700","54,367,060,020","20,537,949,350","30,319,117,540","-56,087,931,380","20,682,002,280","9,864,364,800","54,424,198,550","-25,118,750,586.75","-6,403,673,837.84","-30,384,295,533","18,403,159,530","119,682,760,020","112,174,112,204","219,024,457,496","74,810,928,390","5,440,850,346","62,389,017,724","41,990,745,595","63,801,511,870","40,144,673,920"
PretaxIncome,"799,450,000,000","799,450,000,000","1,011,648,000,000","699,049,000,000","251,619,000,000","304,504,000,000","39,729,000,000","25,741,000,000","245,681,000,000","-83,186,000,000","205,013,000,000","26,912,000,000","-174,955,000,000","466,317,000,000","102,037,000,000","286,252,358,400","157,525,071,340","144,391,166,750","196,071,491,640","74,562,392,190","238,851,904,380","209,720,505,800","356,436,818,950","440,544,169,396.05","302,494,183,480.4","132,771,981,573","-221,511,832,878","93,540,310,596","86,057,194,916","210,640,301,182","270,275,996,475","228,389,914,524","168,296,628,100","72,941,088,360","74,184,408,400","151,060,727,680"
TaxProvision,"177,190,000,000","177,190,000,000","45,098,000,000","151,770,000,000","124,058,000,000","94,789,000,000","88,733,000,000","94,582,000,000","141,505,000,000","315,239,000,000","425,339,000,000","13,958,000,000","-72,741,000,000","203,478,000,000","53,888,000,000","176,435,972,550","16,084,929,000","52,856,549,850","80,693,682,480","65,258,706,890","116,525,427,480","91,656,389,600","177,206,143,200","216,642,386,309.4","163,280,809,665.88","77,958,155,511","63,270,580,863","78,304,228,416","49,799,012,032","90,405,387,576","152,937,693,855","126,208,858,026","95,544,778,630","39,658,615,559","36,712,520,220","78,026,186,560"
NetIncomeContinuousOperations,"622,260,000,000","622,260,000,000","966,550,000,000","547,279,000,000","127,561,000,000","209,715,000,000","-49,004,000,000","-68,841,000,000","104,176,000,000","-398,425,000,000","-220,326,000,000","12,954,000,000","-102,214,000,000","363,656,000,000","126,803,000,000","123,587,572,500","168,891,754,500","90,804,842,050","115,377,809,160","9,303,685,300","122,326,476,900","118,064,116,200","179,230,675,750","223,901,783,086.65","139,213,373,814.52","54,813,826,062","-284,782,413,741","15,236,082,180","36,258,182,884","120,234,913,606","117,338,302,620","102,181,056,498","72,751,849,470","33,282,472,801","37,471,888,180","73,034,541,120"
NetIncome,"582,191,000,000","582,191,000,000","916,271,000,000","490,794,000,000","73,289,000,000","147,791,000,000","-125,980,000,000","-128,369,000,000","43,034,000,000","-456,660,000,000","-259,585,000,000","-40,802,000,000","-98,938,000,000","369,435,000,000","126,328,000,000","123,587,572,500","164,173,508,660","88,719,771,050","115,377,809,160","15,284,625,850","16,898,709,180","118,064,116,200","179,230,675,750","223,901,783,086.65","139,213,373,814.52","54,813,826,062","-284,782,413,741","15,236,082,180","36,258,182,884","120,234,913,606","117,338,302,620","102,181,056,498","72,751,849,470","33,282,472,801","37,471,888,180","73,034,541,120"
NetIncomeCommonStockholders,"582,191,000,000","582,191,000,000","916,271,000,000","490,794,000,000","73,289,000,000","147,791,000,000","-125,980,000,000","-128,369,000,000","43,034,000,000","-456,660,000,000","-259,585,000,000","-40,802,000,000","-98,938,000,000","369,435,000,000","126,328,000,000","123,587,572,500","164,173,508,660","88,719,771,050","115,377,809,160","15,284,625,850","16,898,709,180","118,064,116,200","179,230,675,750","223,901,783,086.65","139,213,373,814.52","54,813,826,062","-284,782,413,741","15,236,082,180","36,258,182,884","120,234,913,606","117,338,302,620","102,181,056,498","72,751,849,470","33,282,472,801","37,471,888,180","73,034,541,120"
BasicEPS,,,"723.41","388.32","58.07","119.4","-113.04","-124.99","42.57","455.03","-258.66","-40.66","-98.59","368.33","126.15","122.281","176.349","96.172","125.097","16.767","18.446","72.433","219.667","278.304","154.563","67.188","-338.687","21.546","45.94","147.487","131.222","138.38","109.989","66.987","74.476","143.827"
DilutedEPS,,,"707.74","379.75","56.89","117.49","-113.04","-124.99","42.57","455.03","-258.66","-40.66","-98.59","351.1","120.29","116.595","158.473","91.071","117.605","16.717","18.446","65.971","196.59","241.227","154.563","67.188","-338.687","21.546","45.94","147.487","131.222","138.38","109.989","65.746","70.096","133.252"
BasicAverageShares,,,"1,266,592,000","1,263,895,000","1,262,023,000","1,237,802,000","1,114,424,000","1,027,024,000","1,010,901,336","1,003,578,000","1,003,559,000","1,003,520,000","1,003,499,000","1,003,001,000","1,001,403,000","1,010,682,432","930,959,417","922,515,225","922,310,000","911,577,028","916,139,089","823,440,000","815,918,046","804,522,126","900,688,764","815,824,899","840,841,837","707,142,857","789,250,000","815,225,225","742,772,277","738,409,091","661,445,783","496,851,852","503,137,255","507,794,118"
DilutedAverageShares,,,"1,294,646,000","1,292,420,000","1,288,343,000","1,257,883,000","1,114,424,000","1,027,024,000","1,010,901,336","1,003,578,000","1,003,559,000","1,003,520,000","1,003,499,000","1,052,212,000","1,050,171,000","1,059,971,149","1,035,970,016","974,183,563","981,060,910","914,309,339","916,139,089","927,670,000","911,699,620","928,179,371","900,688,764","815,824,899","840,841,837","707,142,857","789,250,000","815,225,225","742,772,277","738,409,091","661,445,783","506,226,415","534,583,333","548,095,238"
Ebitda,,"1,556,991,000,000","1,746,634,000,000","1,433,333,000,000","890,716,000,000","1,026,468,000,000","690,894,000,000","711,569,000,000","810,943,000,000","259,840,000,000","554,288,000,000","1,091,971,000,000","802,689,000,000","1,447,564,000,000","1,069,421,000,000","859,698,694,800","763,712,428,920","772,831,566,150","848,345,425,020","732,731,672,270","825,514,554,420","530,415,115,600","646,421,334,200","828,662,038,656.3","635,736,002,867.84","467,449,052,814","47,779,094,930","337,481,785,284","400,930,283,908","431,883,703,376","513,362,128,935","457,172,954,073","287,416,186,367","141,267,536,436","100,718,477,310","204,065,233,920"